1910 3172
685 225 859 254 VERG1L1
880 224 1030 252 Anums
1051 226 1078 253 v
1575 211 1655 251 267

252 327 399 367 labitur
431 325 583 372 infelix,
618 327 741 365 caesis
773 330 815 365 ut
843 326 944 365 rorte
974 326 1146 365 iuvencis

252 402 362 440 susus
392 401 556 440 humum
585 399 796 451 viridisque
824 411 947 450 super
976 399 1239 439 madefecerat
1267 398 1423 439 herhas
1577 397 1659 437 330

253 475 316 514 hic
344 474 494 514 iuvenis
522 474 598 513 iam
624 474 748 512 victor
778 485 898 527 ovans
927 473 1085 524 vestigia
1111 484 1249 524 presso

253 549 347 588 haut
373 548 498 587 tenuit
526 536 689 587 titubata
719 546 824 592 solo,
857 551 916 587 set
943 557 1094 598 pronus
1122 547 1162 586 in
1191 547 1276 598 ipso

256 621 424 662 concidit
452 621 720 673 inmundoque
748 621 841 660 fimo
865 632 1058 672 sacroque
1089 632 1251 664 cruore,

255 707 335 734 uon
365 700 494 735 tamen
520 694 695 747 Euryali,
725 706 803 733 non
835 693 898 734 ille
928 693 1072 733 oblitus
1100 705 1301 733 amorum:

254 782 343 809 uam
370 782 456 808 sese
486 769 668 820 opposuit
691 767 795 808 Salio
824 780 896 819 per
924 767 1074 807 lubrica
1103 779 1289 819 surgens,
1578 765 1660 806 335

253 842 316 883 ille
341 848 470 882 autem
501 843 624 894 spissa
654 842 771 881 iacuit
798 841 998 882 revolutus
1026 841 1186 883 harena.

254 916 394 956 emicat
422 914 634 968 Euryalus,
666 920 704 955 et
733 927 898 955 munere
923 915 1046 955 victor
1070 915 1185 954 amici

255 991 380 1041 prima
410 993 536 1034 tenet,
565 988 783 1040 plausuque
814 988 915 1028 volat
941 988 1178 1040 fremituque
1201 988 1387 1027 secundo.

199 1047 203 1050 ’
257 1067 344 1114 post
371 1062 558 1114 Helymus
587 1062 711 1107 subit,
743 1066 781 1102 et
805 1074 911 1102 nunc
938 1063 1052 1101 tertia
1081 1061 1210 1113 palma
1239 1061 1390 1101 Diores.

256 1137 319 1176 hic
348 1141 472 1176 totum
502 1148 644 1175 caveae
673 1147 902 1176 consessum
931 1135 1100 1187 ingentis
1130 1139 1170 1175 et
1197 1147 1266 1174 ora
1580 1135 1661 1175 340

252 1210 377 1262 prima
409 1215 565 1262 patrum
595 1211 746 1262 magnis
779 1209 906 1249 Salius
936 1208 1174 1249 clamoribus
1201 1208 1336 1261 implet

254 1287 512 1336 ereptumque
539 1283 629 1323 dolo
659 1283 772 1323 reddi
797 1283 872 1323 sihi
896 1284 1023 1335 poscit
1050 1283 1256 1323 honorem.

254 1361 402 1396 tutatur
433 1357 542 1396 favor
571 1356 783 1409 Euryalum
813 1357 1077 1408 lacrimaeque
1110 1357 1278 1396 decorae

258 1431 406 1481 gratior
437 1435 474 1470 et
504 1430 670 1482 pulchro
705 1431 863 1470 veniens
890 1432 930 1470 in
964 1442 1133 1481 corpore
1164 1431 1298 1470 virtus.

256 1504 409 1543 adiuvat
438 1509 477 1544 et
505 1516 645 1556 magna
674 1503 892 1556 proclamat
922 1517 1015 1544 voce
1045 1504 1201 1550 Diores,
1581 1504 1662 1544 345

256 1578 322 1628 qui
352 1577 473 1617 subiit
502 1577 655 1629 palmae
685 1579 911 1630 frustraque
939 1578 987 1617 ad
1014 1578 1188 1630 praemia
1219 1578 1322 1617 venit

145 1727 415 1754 TESTIMONIA.

232 1769 299 1803 329
322 1769 435 1802 schol.
462 1769 551 1802 Hor.
577 1780 688 1802 carm.
713 1770 769 1803 ΙΙΙ
792 1770 825 1810 4,
851 1769 895 1802 29
967 1769 1108 1802 ‘caesis
1133 1772 1172 1801 ut
1190 1770 1215 1802 f.
1234 1768 1280 1803 i.’
1305 1770 1504 1803 Diomedes
1528 1770 1596 1802 404

143 1814 207 1847 331
235 1825 288 1857 sq.
316 1814 497 1858 ‘vestigia
522 1838 531 1847 .
551 1841 559 1847 .
579 1839 588 1847 .
614 1813 713 1847 solo‘
732 1815 946 1847 Priscianus
962 1814 1040 1848 869.
1065 1814 1133 1848 9⁶26
1157 1815 1296 1848 Nonius
1316 1815 1391 1857 182,
1411 1814 1453 1847 10
1527 1815 1594 1849 332
1611 1826 1664 1858 sq.

143 1860 229 1892 ‘sed
255 1884 263 1892 .
281 1885 290 1893 .
309 1884 317 1892 .
343 1858 490 1893 cruore'
523 1859 725 1893 Arusianus
755 1871 790 1903 p.
816 1860 883 1892 240
908 1861 950 1893 L.
1065 1860 1132 1893 335
1157 1860 1305 1894 Servius
1329 1861 1419 1894 Aen.
1445 1862 1482 1893 II
1506 1861 1572 1892 474

144 1905 228 1948 ‘per
250 1905 275 1937 l.
301 1904 349 1937 s.’
382 1905 529 1938 Servius
560 1906 650 1938 Aen.
676 1906 708 1938 V
731 1904 776 1937 84
890 1905 955 1938 337
990 1905 1148 1938 ‘emicat
1172 1930 1180 1938 .
1200 1931 1208 1939 .
1229 1931 1237 1938 .
1263 1905 1433 1938 munere’
1464 1906 1664 1939 Diomedes

144 1950 211 1982 424
301 1949 470 1983 ‘munere
495 1961 528 1983 v.
557 1950 611 1985 a.'
645 1950 794 1983 Servius
819 1961 876 1992 ge.
902 1952 920 1983 I
946 1951 965 1982 7
1057 1950 1125 1984 339
1156 1951 1215 1983 ‘et
1239 1975 1247 1984 .
1269 1975 1276 1983 .
1296 1976 1304 1984 .
1330 1950 1483 1983 Diores’
1516 1951 1664 1984 Servius

142 1995 232 2027 Aen.
259 1996 329 2027 XII
353 1994 421 2028 509
533 1995 600 2028 343
627 1995 892 2036 ‘lacrimaeque
918 1996 970 2027 d.'
1004 1996 1151 2028 Servius
1175 1996 1266 2029 Aen.
1293 1997 1310 2028 Ι
1334 1995 1401 2028 228
1516 1996 1582 2029 344
1606 2007 1661 2038 sq.

146 2040 309 2082 ‘gratior
333 2065 341 2072 .
360 2065 368 2073 .
388 2065 396 2072 .
424 2039 593 2073 adiuvat’
625 2041 765 2073 Nonius
790 2036 875 2081 501,
900 2040 945 2073 30
974 2041 1175 2073 Arusianus
1201 2052 1235 2083 p.
1260 2040 1327 2073 2-10
1350 2042 1393 2074 L.
1509 2041 1575 2074 344
1600 2042 1663 2075 Se-

143 2095 237 2118 neca
263 2086 370 2129 epist.
394 2084 451 2126 66,
475 2086 496 2117 2
590 2085 648 2118 ‘et
671 2110 679 2118 .
699 2111 706 2119 .
728 2110 736 2118 .
761 2084 899 2119 virtus’
926 2086 1075 2119 Servius
1101 2097 1158 2129 ge.
1173 2087 1195 2118 -1
1212 2086 1256 2118 54

82 2262 85 2264 -
141 2245 268 2273 VARIA
297 2245 448 2272 LEGTIO
454 2263 464 2272 .

222 2318 290 2353 329
310 2286 427 2351 caereis
443 2325 463 2350 c
547 2319 616 2354 330
636 2314 749 2351 Fusus
770 2311 826 2363 (uf
837 2319 936 2362 post.
958 2327 1005 2351 m.
1028 2319 1050 2352 2
1073 2316 1113 2351 in
1135 2314 1230 2362 ras.)
1253 2316 1275 2352 b
1351 2300 1480 2352 numum
1505 2316 1526 2351 b
1564 2367 1576 2374 Ἰ
1602 2316 1662 2352 vl-

242 2384 245 2386 .
1558 2370 1578 2393 s

145 2402 269 2439 RIDES
289 2404 323 2440 R
402 2403 715 2441 MADEFECERAT
736 2406 772 2441 P
855 2400 981 2442 herhas
998 2410 1062 2454 72,
1086 2417 1183 2442 arma
1205 2413 1246 2453 γι
1348 2409 1414 2444 331,
1437 2405 1610 2443 PRES‘fo
1632 2408 1668 2443 P

230 2463 299 2498 332
318 2460 419 2497 Haud
440 2461 484 2497 bc
560 2461 638 2497 SED
658 2461 800 2510 PRybc
875 2466 944 2500 333
963 2460 1157 2498 IMMVNDO
1180 2462 1216 2498 R
1295 2463 1478 2499 immundo
1500 2463 1535 2499 in
1563 2464 1663 2499 sumo

146 2516 364 2552 Arusianus
420 2515 687 2554 GRUOREMM
751 2517 868 2564 Vulyo
883 2517 1041 2564 fortiter
1058 2523 1146 2565 post
1166 2530 1296 2555 cruore
1315 2521 1604 2567 interpunqunt.

146 2575 215 2610 334
231 2571 508 2609 EVRYALINON
529 2570 585 2622 (IN
602 2574 641 2610 in
661 2573 756 2621 ras.)
774 2573 808 2609 R
828 2573 982 2610 heuriali
1002 2586 1075 2610 non
1095 2587 1119 2623 γ
1194 2577 1263 2614 336
1283 2586 1390 2612 arena
1415 2575 1436 2611 b
1513 2579 1580 2615 337
1602 2588 1664 2613 eu-

146 2661 260 2697 rialul‘
279 2673 304 2710 γ
393 2631 537 2698 AMlGlO
562 2662 607 2698 M
682 2667 750 2702 339
770 2662 971 2700 IIELEMVS
994 2663 1029 2700 R
1057 2663 1212 2700 helinlul'
1227 2665 1248 2701 b
1326 2633 1540 2702 D·.·16RES
1562 2665 1605 2714 (A
1623 2672 1665 2704 ut

147 2753 218 2788 vid.
242 2750 362 2798 eras.)
381 2750 428 2787 M
498 2756 567 2791 340
591 2713 854 2789 CONSERSUM
877 2752 923 2788 M
938 2768 950 2789 .·
970 2753 1126 2832 cf.U290.
1151 2757 1219 2794 577
1255 2754 1515 2791 CONSENSVM
1535 2756 1659 2806 Rylbl

220 2841 309 2878 hora
332 2842 352 2878 b
430 2845 494 2880 341
516 2840 627 2878 solius
640 2848 684 2890 γι
770 2847 839 2882 343
861 2843 1079 2881 TU'rA'mR
1100 2844 1146 2881 Μ
1224 2848 1293 2884 344
1312 2843 1440 2894 pulcro
1457 2857 1478 2883 c
1566 2843 1622 2898 in]
1643 2860 1662 2884 e

149 2897 295 2935 Seneca
370 2901 437 2939 345
458 2896 597 2935 DlORIS
616 2898 672 2938 Pl
749 2903 818 2940 346
839 2899 975 2949 premia
995 2912 1019 2950 γ
