1890 3146
307 234 356 276 16
482 255 485 259 ·
864 249 1034 277 venena
1054 249 1199 278 Anums
1221 250 1235 277 1

416 346 624 385 detrudunt
653 348 757 385 navis
786 347 966 397 scopulo;
1007 347 1106 387 levat
1134 350 1214 398 ipse
1243 350 1398 388 tridenti
1715 355 1790 392 145

416 423 453 456 et
484 423 606 456 vastas
636 419 758 468 aperit
787 420 899 469 syrtis
926 423 963 458 et
990 426 1180 470 temperat
1209 433 1372 471 aequor,

416 494 528 540 atque
559 491 652 528 rotis
678 501 846 528 summas
872 490 1017 530 levibus
1047 491 1258 541 perlabitur
1283 493 1417 532 undas.

416 574 459 599 ac
493 561 603 600 veluti
635 572 773 611 magno
805 563 842 600 in
872 563 1013 613 populo
1042 576 1130 602 cum
1158 575 1272 614 saepe
1301 565 1459 604 cohorta
1489 571 1546 605 est

415 634 567 678 seditio,
607 634 800 684 saevitque
831 635 964 672 animis
992 635 1157 685 ignobile
1188 635 1339 686 volgus,

415 706 698 756 iamque'saces
728 710 765 744 et
795 718 882 744 saxa
914 706 1060 760 volant.
1086 708 1195 746 furor
1221 719 1326 747 arma
1360 710 1568 754 ministrat:
1674 752 1685 753 ἶ
1714 712 1791 750 150

414 782 494 816 tuin
525 778 662 827 pietate
693 789 845 827 gravem
876 790 919 816 ac
950 780 1092 817 meritis
1122 780 1153 818 si
1183 780 1281 819 forte
1312 782 1432 820 virum
1463 794 1576 832 quem

415 861 668 899 conspexere,
710 837 820 888 silent
849 851 1084 901 arrectisque
1115 851 1272 890 auribus
1302 853 1472 897 adstant3

417 920 477 959 ille
505 923 601 971 regit
631 922 741 960 dictis
770 924 935 967 animos,
969 927 1006 961 et
1031 928 1186 974 pectora
1218 923 1379 963 mulcet:

413 994 466 1031 sic
497 998 657 1032 cunctus
684 994 808 1044 pelagi
837 994 973 1032 cecidit
1004 995 1152 1044 fragor,
1185 995 1349 1046 aequora
1379 1002 1579 1048 postquam

415 1067 650 1115 prospiciens
679 1067 830 1115 genitor
856 1066 1038 1117 caeloque
1064 1068 1234 1106 invectus
1259 1073 1392 1118 aperto
1716 1071 1791 1109 155

414 1138 533 1176 flectit
563 1150 683 1188 equos
709 1150 906 1189 curruque
937 1139 1067 1178 volans
1094 1139 1158 1178 dat
1187 1140 1268 1178 lora
1298 1141 1479 1179 secundo.

305 1306 567 1333 TESTIMONIA.

397 1348 458 1379 145
491 1348 609 1381 ‘levat
640 1349 662 1380 i.
689 1347 731 1380 t.‘
758 1349 894 1380 Nonius
919 1348 995 1387 336,
1026 1348 1064 1380 18
1090 1349 1235 1382 Servius
1259 1350 1347 1381 Aen.
1373 1350 1390 1381 I
1414 1349 1479 1382 330
1572 1351 1633 1383 146
1657 1352 1791 1384 Nonius

304 1392 378 1431 236,
408 1393 458 1423 15.
484 1392 559 1433 246,
586 1392 628 1424 33
730 1392 789 1423 147
816 1393 988 1424 ‘summas
1013 1394 1211 1435 perlabitur
1235 1393 1367 1437 Qudas'
1401 1395 1593 1427 Diomedes
1618 1395 1683 1427 429

308 1436 368 1467 148
393 1447 443 1478 sq.
476 1438 536 1468 ‘ac
564 1462 570 1468 .
591 1462 597 1468 .
619 1460 627 1467 .
653 1435 801 1469 seditio’
829 1437 999 1468 Claudius
1025 1438 1200 1469 Sacerdos
1226 1439 1242 1469 I
1270 1437 1330 1470 163
1354 1439 1561 1471 Victorinus
1586 1440 1631 1471 ad
1655 1439 1731 1472 Cic.
1757 1451 1789 1482 p.

303 1481 345 1512 97
372 1480 432 1512 Or.
539 1480 672 1514 ‘veluti
704 1504 711 1512 .
731 1505 738 1512 .
759 1505 766 1513 .
799 1480 946 1513 seditio’
978 1482 1134 1513 Isidorus
1165 1483 1254 1524 orig.
1280 1483 1297 1513 I
1321 1482 1374 1522 36,
1401 1482 1444 1515 35
1551 1483 1613 1515 148
1639 1484 1700 1515 ‘ac
1728 1509 1734 1515 .
1755 1509 1762 1516 .
1783 1509 1790 1516 .

304 1524 454 1567 populo'
488 1525 679 1557 Cledonius
707 1524 790 1557 1923
814 1526 924 1557 Probi
947 1526 1030 1559 inst.
1057 1527 1074 1558 I
1098 1526 1131 1567 9,
1156 1526 1176 1557 8
1270 1525 1442 1558 149-152
1467 1527 1602 1560 ‘saevit
1626 1552 1634 1560 .
1655 1551 1663 1559 .
1683 1552 1690 1560 .
1716 1529 1791 1560 vul-

306 1580 388 1612 gus3
420 1574 494 1601 tum
520 1594 527 1601 .
548 1593 555 1600 .
575 1593 583 1601 .
609 1569 736 1601 silent'
763 1570 844 1609 (om.
873 1569 948 1610 150)
974 1570 1087 1602 Iulius
1111 1570 1322 1602 Rufinianus
1346 1570 1411 1603 253
1435 1572 1477 1603 R.
1571 1571 1634 1604 149
1659 1572 1793 1604 ‘saevit

395 1612 539 1656 vulgus’
572 1613 758 1645 Charisius
782 1614 824 1646 57
861 1613 1054 1646 Cledonius
1092 1613 1176 1645 1896
1211 1615 1347 1646 Probus
1383 1615 1425 1646 de
1462 1626 1554 1647 nom.
1594 1617 1633 1647 12
1668 1628 1702 1659 p.
1727 1616 1793 1648 216

305 1660 347 1690 E.
462 1658 640 1699 ‘ignobile
665 1657 718 1689 v.'
750 1658 860 1701 Probi
886 1658 968 1690 inst.
994 1659 1031 1690 11
1058 1658 1092 1698 1,
1118 1658 1158 1689 41
1191 1658 1338 1700 Sergius
1363 1660 1400 1690 in
1424 1660 1556 1691 Donat.
1587 1660 1670 1692 1842
1700 1661 1792 1692 Con-

305 1704 444 1734 sentius
467 1702 555 1734 2026
579 1702 622 1733 de
649 1712 728 1743 gen.
753 1713 846 1734 nom.
875 1701 947 1741 104,
974 1702 995 1734 3
1019 1702 1063 1734 Η.
1175 1702 1237 1734 150
1269 1703 1385 1735 ‘furor
1408 1713 1441 1735 a.
1466 1703 1532 1734 m.'
1558 1705 1669 1736 Iulius
1695 1705 1789 1736 Rufi-

306 1748 434 1778 nianus
458 1745 524 1778 210
547 1747 588 1778 R.
614 1747 809 1778 Arusianus
834 1758 867 1788 p.
893 1746 956 1777 247
983 1747 1024 1778 L.
1056 1746 1168 1778 schol.
1194 1747 1335 1778 Lucani
1358 1748 1375 1778 Ι
1399 1747 1465 1779 240
1488 1748 1542 1779 III
1565 1747 1628 1780 671
1654 1749 1704 1780 VI
1729 1749 1791 1780 172

397 1790 568 1822 151—153
599 1791 846 1830 Quintilianus
870 1791 940 1822 XII
967 1790 1002 1831 1,
1027 1791 1069 1821 27
1171 1790 1229 1822 151
1264 1791 1356 1823 ‘tum
1381 1815 1388 1823 .
1409 1816 1417 1824 .
1437 1815 1444 1823 .
1469 1792 1624 1824 meritis’
1657 1793 1793 1825 Nonius

305 1835 380 1876 314,
408 1834 428 1867 3
460 1835 570 1867 schol.
599 1835 705 1866 Grou.
731 1835 806 1866 Cic.
833 1845 896 1876 pro
920 1835 1025 1867 Rose.
1050 1846 1084 1877 p.
1111 1835 1176 1866 425
1200 1835 1260 1868 Or.
1354 1834 1416 1868 153
1442 1835 1522 1867 ‘ille
1548 1860 1555 1868 .
1576 1860 1583 1868 .
1604 1861 1612 1868 .
1639 1836 1792 1868 animos’
1844 1836 1847 1841 '

306 1879 415 1911 schol.
449 1879 557 1911 Gron.
591 1879 666 1911 Cic.
698 1890 761 1920 pro
794 1880 897 1911 Rosc.
924 1891 957 1921 p.
982 1879 1046 1910 245
1071 1879 1131 1912 Or.
1171 1879 1284 1911 schol.
1317 1880 1432 1911 Persii
1457 1881 1474 1911 1
1501 1880 1540 1911 14
1634 1881 1695 1912 154
1721 1881 1792 1913 ‘sic

305 1948 314 1957 .
333 1950 341 1958 .
360 1948 368 1956 .
394 1922 533 1966 fragor'
561 1923 731 1955 Claudius
757 1924 931 1956 Sacerdos
955 1924 972 1955 Ι
998 1922 1059 1955 163
1324 1964 1333 1970 .
1720 1933 1722 1937 ·

1018 1998 1030 2017 l

305 2083 431 2110 VARIA
451 2082 611 2108 LECTIO.

387 2150 447 2183 145
473 2144 612 2179 NAUES
631 2142 676 2178 M
748 2144 839 2179 Post
859 2143 1002 2179 tridenti
1023 2144 1126 2179 nulla
1147 2142 1282 2189 interp.
1303 2142 1349 2178 M
1421 2148 1486 2182 146
1505 2155 1588 2187 om.‚
1621 2145 1693 2180 imo
1717 2155 1790 2191 my.

307 2200 391 2237 add.
416 2212 437 2236 c
522 2198 686 2235 SYRTES
706 2199 770 2235 Mb
849 2203 911 2238 147
932 2199 1052 2247 Adque
1071 2210 1092 2234 c
1166 2198 1358 2247 pellabitur
1379 2200 1552 2253 ‘codices'
1565 2200 1705 2246 aliquot
1725 2211 1791 2235 an·

307 2291 400 2336 tiqui
407 2294 415 2304 ’
448 2288 620 2324 Pieriam
715 2292 781 2326 148
808 2287 993 2328 POPULO,
1022 2288 1065 2323 M
1143 2250 1396 2324 CSORTAEST
1419 2287 1463 2324 M
1484 2288 1736 2364 ΕΟῼΙΒΤΑΕΒΤ
1757 2289 1791 2324 R
1852 2291 1856 2300 ¹

307 2379 457 2414 choorta
488 2379 539 2413 est
561 2390 584 2426 γ
611 2377 777 2417 eohorta,
807 2389 876 2414 om.
899 2378 967 2417 est,
996 2377 1136 2412 Isidori
1160 2378 1252 2413 Gud.
1274 2381 1295 2414 4
1382 2381 1447 2415 149
1469 2377 1588 2412 SEDIO
1607 2377 1642 2412 R
1727 2388 1794 2424 que

308 2446 378 2470 om.
399 2434 544 2470 Probus
564 2435 610 2469 de
631 2445 727 2472 nom.
809 2432 974 2469 UULGUS
995 2433 1082 2468 libri
1159 2438 1224 2471 150
1248 2433 1374 2468 ‘multi
1392 2443 1465 2468 non
1484 2432 1621 2472 volant,
1648 2433 1716 2468 sed
1737 2444 1794 2468 vo-

308 2490 385 2526 lunt
401 2491 582 2526 invenisse
598 2499 637 2524 se
658 2491 796 2525 dicunt.
822 2490 888 2525 sed
905 2488 1091 2524 Cornutus
1109 2489 1328 2531 verendum,
1351 2488 1422 2532 ait,
1445 2497 1490 2523 ne
1505 2492 1795 2533 praeposterum

307 2548 354 2581 sit
375 2545 467 2581 iaces
488 2544 576 2581 velle
598 2549 633 2580 et
651 2546 706 2581 sic
727 2556 827 2585 saxa,
854 2555 938 2580 cum
959 2544 1049 2579 alibi
1066 2546 1250 2580 maturius
1280 2549 1315 2579 et
1346 2553 1396 2578 em
1416 2545 1546 2579 ordine
1567 2544 1703 2595 dic-lum
1724 2544 1795 2578 sit.-

308 2612 403 2636 arnia
433 2600 514 2635 velit
541 2605 735 2648 poscatque
767 2600 871 2637 simul
900 2600 1084 2647 rapiatque
1106 2598 1285 2635 iuventus'
1311 2597 1478 2646 (V11340)
1500 2597 1653 2634 Servius
1731 2603 1792 2636 151

312 2683 393 2713 tunc
415 2679 525 2713 Nonii
544 2690 589 2721 ω,
622 2679 738 2714 schol.
761 2678 833 2714 Cic.
928 2682 993 2716 153
1014 2677 1130 2714 dictos
1144 2681 1185 2714 cl
1272 2681 1338 2715 154
1357 2658 1543 2712 Sissunctur
1563 2676 1582 2710 b
1605 2656 1659 2710 Sic.
1671 2675 1800 2711 unctus

309 2733 435 2779 (erasa
457 2733 489 2779 a)
516 2745 537 2768 c
631 2732 822 2769 CVNCT.S
851 2733 902 2780 (in
925 2743 1067 2769 rasura
1087 2732 1129 2779 V)
1149 2731 1206 2770 Rl
1227 2737 1349 2768 cunct.
1364 2732 1380 2767 l'
1394 2732 1434 2769 bl
1534 2730 1733 2806 ΟΑΒΞΕΞῌΙΤ
1754 2729 1799 2764 Μ

309 2822 457 2857 caecidit
476 2833 496 2856 c
571 2792 674 2868 fagor
692 2833 713 2857 e
790 2827 854 2861 156
875 2834 957 2862 om.‚
977 2823 1015 2858 in
1034 2833 1104 2868 my.
1127 2822 1212 2858 add.
1234 2832 1254 2856 c
1329 2820 1496 2868 aequoi'y
1567 2839 1749 2849 ......
1771 2829 1795 2866 7

310 2877 476 2912 FLVG'PV
499 2877 531 2912 R
551 2888 656 2912 curru
675 2877 828 2912 Servius
