1910 3172
705 197 878 224 veretum
899 197 1049 225 Aram-us
1070 198 1114 225 v1
1588 183 1671 225 327

263 300 329 350 qui
357 297 501 349 Libyco
531 309 657 349 nuper
692 309 830 342 eursu,
871 296 965 336 dum
994 296 1122 336 sidera
1149 301 1299 342 servat,

263 371 459 411 exciderat
487 372 608 422 puppi
638 370 778 410 mediis
807 370 952 410 ess'usus
983 370 1023 409 in
1053 369 1180 409 undis.

262 444 366 483 hunc
391 444 458 483 ubi
483 445 543 483 vix
575 443 696 483 multa
725 447 917 483 maestum
947 444 1127 494 cognovit
1152 444 1190 482 in
1220 442 1380 489 umbra,
1586 445 1668 484 3⁴10

261 519 316 556 sie
341 519 451 568 prior
477 516 722 568 adloquitur:
755 517 863 567 ‘quis
887 521 946 562 te,
977 516 1183 562 Palinure,
1211 516 1376 556 deorum
1416 562 1418 564 ,

261 591 403 642 eripuit
432 589 546 629 nobis
574 590 783 642 medioque
809 589 881 629 sub
913 602 1084 642 aequore
1115 590 1273 629 mersit?

258 664 320 703 dic
349 674 434 714 age.
494 675 664 715 namque
691 663 806 709 mihi,
836 662 951 702 fallax
981 663 1076 702 haut
1106 667 1195 702 ante
1224 667 1427 715 repertus,
1451 657 1458 662 ’

258 737 333 776 hoe
364 749 441 776 uno
469 748 660 787 responso
692 738 866 776 animum
895 734 1036 776 delusit
1064 735 1222 787 Apollo,

258 811 325 862 qui
354 811 438 849 sore
470 814 508 850 te
538 814 660 862 ponto
693 809 930 850 incolumem
960 809 1126 860 finisque
1156 809 1321 848 canebat
1583 813 1663 851 345

256 890 464 923 venturum
494 884 699 923 Ausonios.
761 895 809 923 en
840 884 938 935 haee
961 883 1153 934 promissa
1182 883 1280 922 fides
1308 883 1408 922 est?’

256 956 319 996 ille
350 962 502 997 autem:
538 962 685 1009 ‘neque
712 961 752 996 te
778 956 928 997 Phoebi
957 956 1106 996 cortina
1138 955 1292 1001 fefellit,

257 1031 334 1070 dux
365 1031 616 1076 Anchisiade,
646 1043 720 1070 nec
745 1042 808 1070 me
839 1029 935 1069 deus
964 1041 1136 1080 aequore
1163 1030 1310 1069 mersit.

254 1116 425 1155 namque
455 1103 738 1155 gubernaclum
769 1102 890 1143 multa
921 1104 954 1142 vi
981 1103 1081 1142 sorte
1109 1101 1326 1149 revolsum‚

256 1179 319 1217 cui
348 1178 460 1217 datus
484 1177 696 1217 haerebam
728 1182 858 1217 eustos
890 1189 1108 1228 cursusque
1136 1175 1344 1228 regebam,
1579 1179 1662 1218 350

255 1251 517 1302 praecipitans
546 1252 646 1290 traxi
674 1263 843 1290 mecum.
902 1250 1026 1289 maria
1055 1261 1194 1302 aspera
1224 1250 1311 1289 iuro

254 1336 334 1363 non
361 1323 485 1364 ullum
511 1336 584 1375 pro
615 1336 678 1363 me
702 1328 853 1363 tantum
885 1325 1035 1375 cepisse
1065 1324 1265 1369 timorem,

257 1409 374 1448 quam
403 1402 467 1436 tua
498 1398 556 1443 ni,
590 1397 752 1449 spoliata
783 1398 922 1442 armis,
954 1409 1117 1437 excussa
1147 1398 1354 1448 magistro,

254 1470 438 1510 deficeret
467 1471 584 1510 tantis
614 1472 721 1510 navis
752 1470 1005 1521 surgentibus
1034 1470 1160 1510 undis.

141 1641 408 1668 TESTIMONIA.

140 1686 179 1717 in
208 1685 355 1716 Barthii
387 1684 468 1718 adv.
499 1684 691 1716 XXXVIH
724 1683 766 1715 15
881 1682 948 1716 339
971 1683 1172 1716 Arusianus
1197 1696 1231 1726 p.
1257 1683 1324 1716 240
1347 1685 1390 1716 L.
1509 1684 1660 1718 ‘mediis

141 1754 149 1762 .
169 1754 177 1763 .
198 1753 206 1762 .
230 1728 357 1762 undis’
384 1729 531 1762 Servius
558 1729 648 1761 Aen.
674 1729 708 1760 X
731 1727 798 1761 838
890 1727 956 1761 343
984 1729 1062 1761 ‘die
1087 1753 1096 1760 .
1116 1753 1124 1761 .
1143 1754 1151 1761 .
1178 1728 1312 1761 fallax⁷
1337 1730 1449 1762 Probi
1474 1731 1558 1763 inst.
1582 1732 1601 1763 Ι
1625 1730 1659 1771 6,

141 1774 171 1808 1.
197 1775 230 1815 7,
255 1774 277 1806 2
391 1774 457 1807 347
483 1773 660 1806 Claudius
684 1773 865 1806 Sacerdos
889 1774 907 1805 I
931 1772 974 1806 73
1089 1773 1156 1806 350
1180 1774 1394 1807 Priscianus
1418 1774 1486 1807 862
1592 1775 1658 1809 351

141 1820 408 1863 ‘praecipitans
433 1818 479 1851 t.‘
514 1819 703 1851 Charisius
727 1817 795 1851 233
836 1818 1106 1862 ‘praecipitans
1132 1822 1157 1851 t.
1184 1818 1251 1851 1u.'
1277 1820 1476 1853 Diomedes
1500 1820 1568 1853 397

141 1865 276 1897 ‘maria
301 1875 334 1897 a.
359 1863 404 1896 i.’
445 1864 646 1896 Arusianus
677 1875 713 1906 p.
742 1863 810 1897 236
842 1865 884 1896 L.
926 1865 1095 1896 Donatus
1120 1865 1167 1896 ad
1191 1865 1274 1897 Ter.
1300 1864 1382 1897 hee.
1409 1866 1441 1898 V
1464 1866 1496 1906 2,
1523 1866 1545 1898 5
1583 1867 1656 1899 Ru-

138 1910 294 1986 finiassus
319 1910 364 1986 dle
389 1909 523 1986 schem.
549 1909 620 1986 {gxi
642 1909 710 1986 ΞΜ
730 1910 772 1941 R.
865 1908 931 1942 353
949 1919 1001 1951 sq.
1030 1910 1155 1951 ‘quam
1180 1933 1189 1942 .
1210 1934 1219 1941 .
1239 1933 1247 1941 .
1273 1910 1467 1943 deficeret'
1493 1911 1658 1944 Rufinia—

138 1965 206 1987 nus
255 1965 273 1986 e
298 1965 337 1987 se
366 1965 432 1986 em.
474 1965 527 1987 ex.
678 1977 686 1986 .

138 2112 266 2141 VARIA
294 2112 461 2139 LECTIO.

214 2173 283 2209 338
304 2169 459 2206 LYBICO
482 2169 526 2205 M
542 2169 648 2205 libieo
668 2169 714 2218 γὸ
811 2173 880 2208 343
900 2169 1016 2204 HAVD
1037 2168 1186 2219 MPybc
1282 2171 1348 2207 Ex
1375 2171 1446 2208 hoe
1466 2173 1546 2209 loco
1577 2170 1658 2222 (348

137 2227 233 2262 conl.
257 2237 342 2262 cum
360 2225 389 2259 V
409 2229 478 2264 854
487 2236 583 2272 sqq„
609 2229 679 2263 354
698 2237 783 2262 cum
803 2225 832 2260 V
850 2225 933 2272 862)
957 2231 1134 2272 apparet,
1159 2227 1328 2263 ultimam
1344 2233 1485 2274 poetae
1501 2241 1656 2265 manum

139 2282 324 2329 defecisse
344 2296 356 2317 .·
381 2282 463 2318 vide
482 2283 763 2329 proleqomena.
841 2281 1022 2320 344delu.
1037 2282 1080 2318 sit
1100 2282 1138 2329 (i.
1153 2293 1185 2320 e.
1199 2283 1395 2331 delussinb
1475 2286 1655 2334 appolloy

217 2364 283 2400 345
305 2360 448 2397 FORTE
469 2360 504 2396 R
599 2344 815 2397 incolomem
834 2373 858 2410 γ
886 2360 1066 2398 incolome
1084 2372 1106 2397 c
1195 2366 1261 2401 347
1284 2368 1319 2399 te
1338 2362 1387 2399 m.
1413 2367 1435 2401 2
1455 2374 1652 2410 super-scr.

139 2429 162 2465 y
250 2421 319 2455 348
346 2422 430 2452 ‘nee
449 2428 505 2452 me
528 2430 535 2452 ε
556 2417 617 2453 hic
637 2418 964 2465 distinguendum,
1002 2428 1049 2454 ne
1077 2419 1127 2454 sit
1149 2421 1398 2456 contrarium.
1449 2421 1549 2457 Nam
1570 2432 1654 2457 eum

138 2479 292 2509 somnus
311 2473 473 2509 deiecit.’
508 2472 664 2510 Servius
746 2473 829 2510 dius
845 2474 885 2511 bl
966 2477 1035 2513 349
1061 2474 1347 2522 gubernaculum
1366 2488 1388 2513 c
1464 2477 1654 2516 VIXARTE

138 2551 174 2586 P
197 2564 204 2586 :
228 2550 278 2596 cf.
301 2550 328 2585 V
349 2554 419 2589 270
439 2551 530 2587 uiste
553 2558 598 2600 γι
621 2533 737 2588 uifote
758 2556 806 2601 72
881 2552 1066 2602 reuulsum
1081 2565 1128 2602 γε
1213 2559 1284 2593 350
1301 2555 1407 2592 datus
1422 2555 1455 2603 (s
1470 2558 1509 2593 in
1530 2567 1612 2593 ras.
1632 2562 1654 2595 2

137 2627 220 2675 zm.)
241 2628 261 2663 b
356 2627 559 2665 GEREBAM
581 2630 658 2678 1³71
754 2635 817 2669 351
842 2610 1058 2680 praecipitgs
1086 2632 1278 2669 Diomedis
1302 2633 1453 2671 Monac.
1546 2637 1654 2673 traxit

138 2718 257 2754 omnia
280 2717 477 2754 Charisius
572 2719 682 2755 maria
706 2721 825 2756 omnia
849 2732 882 2768 χ,
904 2721 1079 2758 Donatus
1156 2717 1282 2759 ‘DVRO
1302 2723 1338 2760 R
1428 2729 1497 2763 352
1513 2687 1653 2763 lILLUM

136 2806 183 2843 M
192 2800 338 2843 ‘nullum
361 2819 384 2855 γ
405 2807 507 2844 illum
524 2809 674 2854 placuit
694 2809 948 2858 Peerlkampo
964 2815 1000 2847 el
1021 2812 1206 2849 Paldamo
1300 2817 1371 2853 353
1391 2777 1468 2850 TVA
1481 2811 1579 2865 (sup.
1602 2829 1649 2853 m.

138 2862 231 2911 ant.)
252 2863 288 2900 R
365 2865 401 2899 ni
426 2863 659 2910 Rufinianus
677 2865 733 2902 NE
755 2866 844 2903 libr-i
919 2871 989 2907 354
1008 2867 1375 2908 NAUISURGENTIB-
1395 2871 1443 2907 M
