1910 3172
642 210 816 238 vnnmm
836 209 985 236 Amnis
1009 209 1052 235 vl
1528 193 1604 234 34¹

206 316 264 351 set
293 316 331 351 te
362 312 428 362 qui
452 311 578 350 vivom
603 321 736 354 casus,
769 319 841 359 age
873 309 956 348 sare
979 308 1165 354 vicissim,

205 384 415 424 attulerint.
474 383 652 435 pelagine
675 383 783 422 venis
811 381 1015 421 erroribus
1040 386 1149 421 actus

204 471 253 497 an
279 458 429 497 monitu
459 456 613 496 divom?
643 467 692 494 an
720 463 826 507 quae·
846 459 882 494 te
914 454 1086 494 Fortuna
1116 455 1269 506 fatigat,

203 537 246 570 ut
274 531 393 570 tristis
422 529 615 570 sinesole
646 529 806 574 domos,
838 527 923 567 loca
952 527 1128 574 turbida,
1162 527 1332 568 adires?'

202 604 276 643 hac
307 604 387 642 vice
417 614 644 642 sermonum
673 603 798 641 roseis
825 603 978 641 Aurora
1007 601 1209 653 quadrigis
1305 599 1308 603 ’
1527 600 1609 640 535

204 678 278 716 iam
308 676 480 716 medium
506 675 680 714 aetherio
711 686 830 714 cursu
855 676 1060 714 traiecerat
1090 687 1215 714 axem.

204 755 242 790 et
271 751 353 789 fors
381 761 497 788 omne
527 749 660 788 datum
689 748 893 788 traherent
918 760 990 799 per
1018 747 1106 787 talia
1137 753 1309 800 tempus,

204 823 272 863 sed
303 835 434 862 comes
465 822 666 862 admonuit
697 821 946 874 breviterque
974 822 1100 861 adfata
1131 820 1273 873 Sibylla
1306 825 1384 860 est:

205 903 302 936 ‘nox
331 897 432 941 ruit,
464 896 614 940 Aenea;
646 907 718 934 nos
747 894 878 934 ssendo
904 895 1084 934 ducimus
1110 894 1240 933 horas.

203 970 266 1009 hic
294 969 405 1009 locus
435 973 516 1014 est,
548 969 670 1019 partis
699 968 767 1008 ubi
797 980 839 1007 se
869 968 929 1007 via
955 968 1066 1007 findit
1094 968 1134 1007 in
1165 967 1319 1007 ambas:
1526 967 1608 1006 540

203 1043 362 1083 dextera
387 1054 487 1093 quae
515 1041 610 1081 Dilis
638 1043 770 1093 magni
799 1040 872 1080 sub
897 1041 1051 1080 moenia
1082 1040 1223 1086 tendit,

201 1117 276 1156 hac
304 1117 378 1155 iter
402 1115 573 1167 Elysium
600 1114 734 1160 nobis;
762 1119 799 1154 at
824 1114 930 1154 laeva
960 1114 1155 1153 malorum

203 1193 360 1228 exercet
386 1199 534 1240 poenas
564 1192 602 1227 et
631 1187 680 1227 ad
711 1188 830 1239 impia
860 1187 1026 1227 Tartara
1055 1185 1202 1227 mittit.’

201 1261 427 1313 Deiphobus
457 1265 595 1301 eontra
625 1267 694 1300 ‘ne
719 1262 842 1307 saevi,
872 1260 1257 1314 magnausacerdos:

203 1335 421 1380 discedam,
453 1334 618 1385 explebo
647 1346 856 1374 numerum
886 1334 1109 1387 reddarque
1130 1333 1318 1374 tenebris.
1526 1333 1607 1372 545

90 1483 360 1511 TESTIMONIA.

181 1525 246 1559 531
274 1525 462 1558 Charisius
489 1523 554 1557 199
578 1525 776 1557 Diomedes
800 1525 868 1557 409
947 1525 1036 1568 ‘age
1062 1524 1107 1557 f.⁷
1134 1525 1282 1558 Servius
1306 1524 1397 1557 Aen.
1422 1524 1474 1556 VI
1498 1524 1564 1557 343

90 1571 156 1604 532
190 1571 379 1614 ‘pelag-ine
411 1581 446 1603 v.
472 1581 502 1602 e.
530 1570 581 1602 a.’
614 1570 728 1602 Probi
751 1571 834 1602 inst.
862 1571 879 1602 1
907 1569 957 1611 17,
985 1571 1004 1602 7
1104 1569 1296 1603 532-534
1323 1569 1515 1612 ‘pelagine
1540 1593 1549 1601 .
1571 1595 1578 1602 .
1598 1592 1607 1601 .

92 1615 231 1648 adires’
258 1617 423 1647 Donatus
449 1615 496 1647 ad
520 1615 604 1648 Ter.
630 1615 712 1647 hec.
738 1615 770 1647 V
793 1615 826 1655 4,
851 1614 873 1646 9
965 1614 1030 1648 535
1049 1625 1100 1657 sq.
1127 1615 1338 1647 Macrobius
1363 1614 1439 1647 Sat.
1464 1615 1482 1646 I
1507 1614 1539 1655 3,
1567 1614 1606 1646 11

180 1660 246 1694 539
269 1660 480 1693 Macrobius
504 1660 581 1692 Sat.
606 1661 623 1692 1
648 1659 680 1701 3,
712 1659 749 1691 11
791 1660 902 1692 Probi
928 1661 1014 1692 inst.
1040 1661 1057 1691 Ι
1083 1661 1115 1698 7,
1141 1661 1161 1691 2
1205 1661 1294 1692 ‘nox
1317 1671 1344 1692 r.
1370 1658 1431 1691 A.’
1458 1659 1607 1692 Servius

90 1707 183 1738 Aen.
208 1707 260 1738 VI
283 1706 351 1738 255
453 1706 535 1737 ‘nos
560 1705 586 1736 f.
613 1705 647 1736 d.
673 1704 726 1737 h.’
753 1705 863 1738 Probi
888 1706 972 1737 inst.
999 1706 1016 1737 I
1040 1705 1071 1745 7,
1099 1704 1120 1737 3
1211 1705 1279 1737 540
1302 1705 1516 1737 Priscianus
1541 1703 1608 1736 776

179 1751 246 1783 542
272 1750 360 1783 ‘hac
385 1774 394 1783 .
413 1774 422 1783 .
442 1774 450 1782 .
474 1748 599 1782 nobis’
640 1750 778 1783 Nonius
802 1749 886 1789 325,
912 1749 957 1782 20
995 1750 1108 1783 Probi
1132 1751 1217 1782 inst.
1244 1751 1262 1782 I
1285 1749 1324 1791 9,
1351 1748 1372 1782 3
1411 1750 1524 1782 Probi
1549 1760 1608 1782 ars

90 1796 207 1829 minor
230 1795 296 1829 735
329 1795 532 1828 Cledonius
560 1793 646 1827 1924
684 1795 909 1837 Augustinus
935 1795 979 1827 de
1005 1806 1156 1837 gramm.
1182 1794 1272 1827 2009
1379 1795 1445 1827 542
1470 1805 1523 1837 sq.
1551 1795 1609 1826 ‘at

92 1864 101 1873 .
121 1864 131 1874 .
148 1865 158 1874 .
183 1839 315 1873 mittit’
341 1841 480 1873 Nonius
504 1839 585 1880 229,
610 1838 655 1872 26
745 1840 813 1871 544
838 1841 903 1872 ‘ne
930 1850 957 1873 s.
983 1851 1031 1873 m.
1056 1839 1104 1872 s.'
1130 1842 1297 1873 Donatus
1324 1840 1371 1872 ad
1394 1840 1478 1872 Ter.
1496 1840 1607 1872 Andr.

88 1886 121 1918 V
144 1887 176 1926 2,
202 1886 245 1917 27
338 1885 405 1918 545
428 1885 567 1918 Nonius
591 1883 668 1925 298,
698 1883 739 1916 12
772 1884 946 1927 ‘explebo
971 1910 979 1918 .
999 1909 1007 1917 .
1027 1910 1035 1918 .
1061 1884 1245 1918 tenebris‘
1271 1885 1484 1917 Macrobius
1515 1894 1544 1918 s.
1571 1885 1606 1917 S.

89 1931 107 1963 I
134 1930 186 1972 13,
216 1930 255 1962 12
736 1953 739 1955 -

90 2089 219 2118 VARIA
237 2088 402 2115 an'mo.
1046 2096 1066 2122 S
1230 2109 1234 2112 ,

171 2141 238 2175 531
264 2134 342 2171 SED
363 2134 504 2182 FRybc
586 2133 717 2210 VIYqVM
736 2134 912 2183 FPRybc
988 2134 1099 2171 CAVS
1119 2135 1157 2171 P
1226 2134 1448 2183 agerephare
1470 2134 1523 2182 (re
1539 2147 1606 2182 pr.

89 2224 207 2271 eras.)
225 2236 246 2261 c
342 2228 411 2263 532
432 2223 680 2260 ATTULERIT
704 2223 747 2271 (N
768 2225 882 2261 minio
897 2221 955 2274 p.)
979 2223 1023 2260 M
1119 2229 1190 2264 533
1208 2206 1337 2261 moniti·
1362 2226 1383 2261 b
1474 2225 1609 2261 nlvvu

89 2282 177 2318 libri
253 2276 362 2331 quae]
385 2281 470 2328 quia
489 2280 665 2316 Donatus
735 2285 801 2320 535
824 2282 874 2318 Ac
893 2282 914 2317 b
989 2281 1145 2317 Aurora
1165 2285 1294 2318 utrum
1317 2282 1394 2318 diei
1412 2286 1536 2317 ortum
1557 2293 1608 2317 an

89 2338 204 2374 solem
225 2337 460 2384 siqnificaret
473 2365 482 2381 ,
504 2336 773 2373 dubitaverunt
794 2339 944 2384 antiqui
960 2339 1190 2384 interpretes
1216 2353 1228 2373 .·
1249 2337 1301 2385 cf.
1325 2350 1356 2374 v.
1380 2342 1460 2376 255.
1482 2342 1552 2377 268

91 2397 159 2432 536
181 2392 346 2429 CVRSVS
367 2393 404 2429 R
491 2395 558 2431 537
579 2392 659 2429 fros
676 2404 697 2429 c
782 2393 1075 2430 TRAHAERENT
1097 2394 1132 2430 R
1209 2397 1278 2434 538
1300 2394 1384 2431 EST
1406 2405 1454 2429 m.
1480 2395 1608 2430 aliena

91 2450 179 2484 add.
195 2447 239 2484 M
320 2453 388 2488 539
408 2450 454 2485 de
474 2450 594 2485 noctis
609 2450 715 2485 initio
732 2451 920 2501 inlelleoeit
941 2450 1162 2486 Macrobius
1183 2461 1332 2497 quoque
1354 2465 1366 2486 .·
1388 2450 1441 2497 cf.
1464 2450 1611 2496 Heynii

90 2514 283 2540 excursus
306 2505 357 2540 ad
373 2506 407 2540 Ιι.
429 2506 454 2541 l.
477 2506 530 2541 ‘si
544 2516 620 2552 per
641 2506 738 2541 diem
757 2516 875 2542 sacra
895 2507 1159 2550 celebrantur,
1188 2507 1264 2543 ruit
1289 2511 1345 2543 est
1366 2507 1546 2547 imminet,
1575 2508 1611 2543 si

84 2570 161 2606 per
183 2564 347 2602 noctem,
367 2557 510 2596 finitur’
533 2560 689 2598 Servius
714 2577 726 2597 :
747 2561 799 2608 cf.
822 2563 988 2599 eiusdem
1010 2564 1062 2598 ad
1082 2562 1124 2599 VI
1148 2567 1216 2602 255
1238 2564 1530 2600 adnotationem.

90 2615 274 2652 DVCIMVS
298 2613 339 2664 (V
355 2627 417 2662 pr.
438 2617 479 2652 in
497 2616 591 2664 ras.)
611 2618 649 2653 F
684 2618 838 2654 dicimur
855 2624 897 2657 cl
995 2619 1108 2655 ORAS
1139 2619 1184 2654 M
1271 2623 1340 2659 540
1356 2620 1481 2667 parter
1492 2620 1513 2655 b
1544 2631 1607 2667 pa-

92 2673 166 2708 tres
181 2683 203 2708 c
240 2672 355 2720 partis
378 2677 540 2708 testatur
562 2673 790 2710 Priscianus
883 2678 948 2713 541
972 2675 1100 2711 Dextra
1121 2676 1161 2713 bl
1271 2680 1340 2714 542
1361 2675 1434 2711 Hac
1454 2675 1488 2723 (a
1513 2687 1564 2712 m.
1585 2680 1607 2713 2

711 2731 719 2738 ,
1395 2727 1416 2752 T

91 2759 194 2808 add.)
214 2762 234 2798 b
274 2761 387 2798 HAEC
417 2761 456 2809 (E
486 2761 604 2809 eras.)
625 2763 662 2798 F
697 2763 766 2799 1110
789 2763 825 2799 R
913 2769 949 2800 at
970 2763 998 2811 (t
1014 2775 1061 2799 m.
1082 2768 1104 2802 2
1125 2763 1166 2800 in
1186 2762 1282 2814 ras.)
1304 2765 1324 2800 b
1357 2764 1423 2801 AB
1442 2765 1521 2802 FM
1549 2766 1605 2802 AD

90 2818 184 2866 PRy
283 2817 397 2853 LEVA
416 2818 476 2866 Ry
571 2819 772 2856 MAIORVM
792 2819 856 2858 Ml
951 2824 1019 2859 543
1038 2825 1075 2857 et
1094 2839 1142 2847 ——
1166 2821 1280 2858 mittit
1297 2822 1342 2859 112
1433 2826 1503 2861 544
1521 2822 1607 2860 DEI-

89 2873 286 2910 PHOEBVS
307 2874 386 2912 Rcl
465 2874 552 2910 NAE
573 2874 619 2910 M
