1910 3172
704 219 878 249 venena
899 218 1050 246 Amans
1071 218 1099 244 v
1595 200 1676 242 301

272 334 440 374 cumque
470 319 711 372 gubernaclo
736 319 903 372 liquidas
931 318 1098 370 proiecit
1124 319 1162 357 in
1191 316 1319 356 undas

273 395 528 447 praecipitem
555 407 600 434 ac
629 394 758 434 socios
787 393 1023 445 nequiquam
1051 403 1169 442 saepe
1195 393 1422 435 vocantem;
1596 386 1678 428 860

271 470 354 521 ipse
379 467 514 508 volans
537 467 666 507 tenuis
695 479 737 506 se
773 465 926 506 sustulit
955 464 1035 504 ales
1066 465 1114 504 ad
1145 476 1272 504 auras.

276 543 400 582 currit
429 542 503 582 iter
534 545 659 581 tutum
689 552 768 579 non
799 540 920 579 setius
950 550 1123 589 aequore
1147 537 1281 577 classis

272 615 554 668 promissisque
583 615 706 666 patris
735 613 906 665 Neptuni
936 612 1112 652 interrita
1137 611 1275 651 fertur.

271 690 426 741 iamque
456 668 562 728 adeo.
580 687 764 739 scopulos
793 686 977 726 Sirenum
1006 685 1169 725 advecta
1196 683 1353 724 subibat

273 762 438 802 difficilis
464 761 660 813 quondam
692 759 986 811 multorumque
1013 758 1166 799 ossibus
1193 757 1303 798 albos
1586 756 1678 796 §65

275 838 371 886 (tum
403 848 522 875 rauca
553 831 863 884 adsiduo'longe
888 833 969 874 sale
1001 845 1093 873 saxa
1124 831 1349 882 sonabant),

274 922 363 949 cum
390 914 501 960 pater
530 909 671 948 amisso
702 907 916 948 fluitantem
947 918 1082 947 errare
1109 907 1295 957 magistro

273 983 410 1027 sensit,
439 987 476 1021 et
504 983 587 1032 ipse
619 986 743 1020 ratem
773 981 976 1020 nocturnis
1003 980 1105 1019 rexit
1130 980 1169 1018 ln
1199 978 1334 1023 undis,

272 1054 391 1094 multa
422 1066 584 1105 gemens
614 1066 784 1106 casuque
811 1055 983 1093 animum
1014 1064 1230 1092 concussus
1259 1052 1385 1091 amici.

276 1135 323 1167 ‘o
352 1129 515 1167 nImium
547 1127 654 1167 caelo
685 1117 891 1179 etpelago
922 1126 1068 1166 confise
1101 1137 1263 1170 sereno,
1597 1125 1678 1165 870

273 1202 401 1241 nudus
429 1202 468 1240 in
497 1203 645 1253 ignota,
678 1201 878 1246 Palinure,
909 1199 1054 1240 iacebis
1080 1197 1261 1239 harena.‘

160 1350 532 1425 msqeffioglss'risius
559 1392 623 1425 194
714 1391 781 1425 866
805 1392 919 1425 schol.
945 1392 1033 1425 Hor.
1061 1390 1298 1433 carm.1114‚
1328 1391 1369 1423 14
1460 1390 1527 1423 86ss
1552 1390 1679 1434 ‘longe

164 1449 191 1470 s.
219 1448 247 1471 s.
273 1437 322 1471 s.’
347 1438 543 1481 Pompeius
567 1437 630 1470 461
657 1438 700 1478 Β..
795 1438 891 1470 ‘sale
910 1448 937 1470 s.
958 1437 1006 1470 s.'
1032 1438 1246 1470 Marcianus
1271 1436 1427 1479 Capella
1450 1437 1482 1469 V
1505 1437 1571 1469 514
1597 1437 1679 1469 Ser-

163 1484 244 1516 vius
268 1483 360 1515 Aen.
383 1483 420 1515 11
449 1482 512 1515 199
545 1483 598 1515 111
624 1481 688 1515 183
778 1482 846 1514 808
872 1484 928 1514 ‘et
953 1483 1032 1525 ipse
1059 1507 1067 1514 .
1088 1506 1096 1513 .
1114 1507 1122 1514 .
1149 1480 1274 1514 undis’
1301 1482 1450 1514 Servius
1474 1482 1564 1513 Aen.
1583 1483 1612 1513 V
1636 1482 1678 1514 27

106 1534 110 1536 “
230 1527 297 1560 869
322 1528 431 1560 ‘casu
457 1552 465 1560 .
485 1553 493 1560 .
514 1552 522 1560 .
549 1526 679 1572 amiei’
705 1527 854 1560 Servius
879 1528 968 1560 Aen.
995 1528 1043 1561 VI
1066 1526 1098 1560 8.
1128 1527 1192 1559 176
1283 1526 1345 1559 871
1373 1527 1582 1559 Macrobius
1600 1527 1678 1560 Sat.

163 1573 195 1605 V
222 1573 273 1614 14,
299 1573 320 1605 5
343 1573 482 1619 Nonius
506 1571 584 1614 354,
610 1572 654 1605 29
925 1598 930 1602 .

162 1734 290 1762 VAmA
308 1733 475 1760 Lsscho.

236 1783 306 1819 859
334 1777 556 1827 gubernaclo
585 1777 655 1826 (clo
678 1790 726 1815 m.
750 1789 828 1816 rec.
853 1781 891 1815 in
914 1777 1009 1826 ras.)
1037 1790 1058 1815 c
1138 1783 1208 1818 860
1227 1778 1293 1815 hac
1312 1791 1336 1828 y
1417 1775 1542 1830 saepe]
1568 1779 1680 1816 UOCE

163 1836 208 1872 M
223 1851 235 1872 .·
254 1835 306 1883 cf.
329 1835 372 1871 IV
391 1840 460 1875 680
484 1835 615 1873 Vl·247
636 1835 694 1872 XII
722 1840 791 1875 638
866 1839 934 1875 861
960 1835 1057 1871 ALlS
1079 1835 1114 1871 R
1193 1832 1255 1885 ad]
1277 1835 1321 1871 IN
1337 1836 1394 1884 Py
1417 1850 1428 1871 :
1454 1836 1506 1883 ef.
1528 1839 1598 1875 740

162 1896 232 1932 862
252 1891 434 1928 SAETIVS
455 1892 512 1938 R,
548 1892 715 1928 Charisii
732 1893 814 1928 eod.
837 1893 953 1928 secius
968 1903 989 1928 e
1011 1892 1156 1928 re.cius
1170 1888 1201 1939 (c
1221 1902 1241 1928 e
1263 1893 1380 1941 corr.)
1401 1904 1447 1941 γ,
1477 1894 1580 1939 quod
1603 1904 1680 1929 sec-

165 1950 237 1985 tius
255 1949 490 1994 interpretor
515 1961 523 1984 :
547 1948 599 1995 ef.
623 1947 895 1985 Fleckeisenus
914 1959 1009 1985 mus.
1031 1948 1156 1984 Rhen.
1184 1948 1255 1983 VIII
1274 1952 1344 1986 220
1362 1959 1443 1995 sqq.
1523 1960 1682 1997 aequora

165 2027 229 2066 bcl
329 2031 399 2066 863
421 2026 566 2063 interita
587 2039 611 2076 γ
708 2030 779 2067 864
799 2009 936 2064 adlecta
956 2028 978 2064 b
1074 2031 1142 2066 865
1161 2037 1216 2074 sq.
1240 2027 1412 2111 inficeths
1433 2028 1531 2063 dixit
1548 2028 1681 2064 Peerl-

165 2116 349 2163 kampus,
370 2116 458 2163 leqit
480 2115 637 2154 Servius
718 2121 787 2156 865
808 2116 978 2154 Difficiles
996 2117 1039 2155 bl
1117 2079 1380 2154 MULTORUMQ
1405 2117 1450 2154 M
1521 2122 1590 2158 866
1611 2119 1679 2155 iam

164 2207 280 2244 schol.
301 2206 401 2245 Hor.
422 2207 482 2243 An
503 2208 601 2244 tam?
668 2207 814 2244 assiduo
827 2208 870 2244 be
936 2208 1006 2244 sale
1026 2218 1109 2254 sup.
1132 2218 1154 2244 c
1221 2167 1310 2243 SAX
1315 2169 1371 2244 AP
1432 2212 1500 2248 867
1518 2209 1679 2246 ammisso

164 2310 189 2347 γ
246 2297 599 2334 FLVVITANTEMR
655 2301 725 2346 869
740 2297 930 2334 MVLTAA
947 2297 984 2334 P
1038 2259 1199 2335 GEMENS
1212 2298 1250 2334 Ρ
1318 2298 1499 2336 CASVSR
1560 2299 1679 2336 animo

166 2388 187 2423 b
261 2350 501 2424 CONCUSSVb
519 2388 555 2424 P
626 2391 697 2427 870
713 2399 770 2435 sq.
798 2400 821 2424 α
851 2389 1069 2436 Veryiliana
1090 2400 1206 2425 manu
1226 2388 1398 2436 profecti
1422 2400 1504 2426 esse
1532 2402 1606 2427 non
1628 2391 1679 2426 vi-

167 2444 306 2479 dentur
330 2444 480 2491 Heynio
558 2447 629 2483 870
643 2445 820 2494 nimumy
906 2444 967 2481 ΕΤ
991 2455 1092 2482 eras.
1117 2445 1154 2481 P
1234 2446 1450 2492 Exspectes
1484 2446 1615 2495 pelago
1644 2452 1680 2482 et

169 2499 289 2535 caelo:
309 2500 360 2547 ef.
373 2499 633 2537 Marlclundus
653 2502 705 2538 ad
724 2501 838 2537 Statii
854 2503 936 2538 silv.
958 2502 999 2537 111
1019 2506 1052 2544 2,
1078 2507 1100 2542 9
1176 2502 1351 2538 COFISSE
1375 2502 1410 2539 R
1486 2507 1549 2542 871
1580 2505 1679 2540 vide-

169 2559 233 2591 tur
248 2560 385 2601 postea
405 2558 558 2593 additus
577 2567 658 2593 esse
677 2559 716 2593 in
737 2557 784 2593 M
866 2558 902 2593 ln
921 2567 1007 2604 sup.
1029 2569 1050 2594 c
1138 2558 1361 2595 ‘Sciendum
1381 2569 1487 2604 sane,
1514 2560 1679 2596 Tuccam

167 2616 204 2647 et
230 2611 372 2647 Varum
399 2612 500 2648 hunc
529 2614 643 2658 finem
673 2614 798 2660 quinti
820 2623 901 2650 esse
926 2615 1096 2650 voluisse.
1148 2615 1247 2650 Nam
1270 2626 1293 2650 a
1324 2614 1478 2662 Viryilio
1499 2617 1573 2652 duo
1596 2627 1679 2652 ver-

167 2678 233 2704 sus
251 2673 450 2714 sequentes
470 2668 558 2705 huie
578 2670 698 2705 iuneti
708 2668 893 2715 fuerunt:
913 2671 1012 2706 unde
1029 2671 1066 2706 in
1091 2671 1283 2707 nonnullis
1300 2673 1468 2718 antiquis
1489 2673 1680 2709 codicibus

166 2725 270 2760 sexti
287 2725 433 2760 initium
454 2729 530 2760 est:
561 2725 755 2761 obvertunt
778 2725 909 2774 pelago
931 2738 1080 2774 proras;
1118 2732 1192 2763 tum
1219 2727 1327 2763 dente
1350 2728 1486 2764 tenaci’
1508 2728 1677 2766 Servius.

166 2783 280 2816 ‘sane
312 2781 523 2821 sciendum,
555 2782 641 2817 licet
661 2783 810 2827 primos
840 2783 937 2819 duos
966 2792 1098 2818 versus
1125 2783 1274 2820 Probus
1307 2788 1344 2819 ec
1382 2785 1451 2819 alii
1483 2786 1523 2821 in
1558 2787 1681 2833 quinti

168 2837 393 2928 rssliquerinc
416 2838 512 2883 fine,
540 2838 757 2884 prudenter
778 2839 830 2875 ad
848 2839 994 2874 initium
1021 2841 1123 2875 sexti
1147 2849 1227 2876 esse
1260 2841 1487 2877 translatos’
1508 2843 1606 2879 idem
1628 2843 1680 2881 ad

210 2892 236 2930 I
254 2893 333 2929 init.
