1910 3172
700 224 874 251 vnnmm
894 223 1044 251 Animis
1066 224 1109 250 VI
1585 207 1666 246 335

261 325 417 365 errabat
446 324 536 364 silva
568 326 606 363 in
637 335 790 374 magna.
851 335 967 375 quam
998 323 1140 361 Troius
1170 322 1288 360 beros

261 404 304 438 ut
330 399 499 450 primum
532 399 635 438 iuxta
670 398 775 437 stetit
805 397 1065 448 adgnovitque
1089 408 1160 447 per
1189 394 1350 435 umbras

261 472 489 517 obscuram,
531 471 685 523 qualem
712 471 840 522 primo
870 471 936 520 qui
967 481 1130 520 surgere
1158 481 1293 507 mense

261 550 326 585 aut
352 545 456 584 videt
487 550 554 584 aut
582 545 724 583 vidisse
754 548 864 595 putat
892 555 964 594 per
993 542 1126 582 nubila
1152 542 1306 587 lunam,

261 619 415 658 demisit
443 617 624 657 lacrimas
649 617 830 669 dulcique
860 616 1013 655 adfatus
1043 619 1234 655 amorest:
1587 615 1668 652 455

261 692 409 731 ‘infelix
443 691 561 736 Dido,
589 703 706 730 verus
736 691 830 730 mihi
860 691 1020 729 nuntius
1048 701 1143 740 ergo

262 770 421 805 venerat
452 766 659 804 extinctam
691 765 877 816 ferroque
908 768 1083 803 extrema
1118 762 1319 803 secutam?

264 839 414 878 funeris
443 839 520 878 heu
550 838 621 877 tibi
653 850 769 878 causa
795 838 879 877 sui?
907 849 979 889 per
999 836 1126 876 sidera
1157 837 1264 881 iuro,

259 924 330 964 per
362 924 528 963 superos
560 916 598 951 et
626 913 735 963 siqua
763 911 860 950 fides
887 910 1027 950 tellure
1058 909 1130 949 sub
1162 911 1237 948 ima
1273 914 1351 955 est,

260 986 422 1037 invitus,
450 986 606 1035 regina,
638 990 706 1024 tuo
737 985 785 1024 de
810 984 924 1023 litore
955 984 1065 1023 cessi.
1587 980 1669 1020 460

262 1063 320 1098 set
347 1071 411 1098 me
441 1059 540 1097 iussa
574 1058 712 1104 deum,
743 1070 843 1109 quae
872 1069 979 1096 nunc
1008 1054 1081 1095 has
1114 1057 1170 1095 ire
1202 1068 1272 1107 per
1303 1055 1483 1100 umbras,

259 1144 330 1183 per
359 1131 445 1171 loca
475 1136 583 1171 senta
613 1133 690 1171 situ
719 1135 864 1183 cogunt
893 1134 1128 1182 noctemque
1159 1129 1415 1180 profundam,

260 1206 433 1257 imperiis
464 1217 580 1256 egere
604 1206 704 1250 suis;
734 1217 808 1245 nec
840 1204 1004 1244 credere
1035 1204 1138 1255 quivi

264 1280 369 1318 hunc
401 1283 550 1319 tant-um
576 1278 645 1318 tibi
676 1291 739 1318 me
771 1279 945 1318 discessu
974 1277 1080 1317 serre
1109 1276 1298 1316 dolorem.

262 1353 354 1391 siste
384 1352 550 1402 gradum
578 1356 696 1403 teque
727 1356 886 1403 aspectu
917 1363 966 1390 ne
993 1350 1182 1389 subtrahe
1211 1354 1359 1388 nostro.
1588 1349 1669 1389 465

262 1438 378 1477 quem
407 1425 535 1476 fugis?
564 1430 782 1465 extremum
815 1425 893 1464 sato
925 1424 1027 1477 quod
1060 1429 1098 1463 te
1128 1423 1337 1475 adloquor,
1369 1423 1445 1462 hoc
1476 1421 1565 1461 est.'

265 1498 406 1538 talibus
439 1499 589 1538 Aeneas
620 1499 824 1538 ardentem
852 1505 890 1538 et
920 1502 1030 1536 torva
1061 1502 1234 1537 tuentem

261 1572 407 1611 lenibat
436 1572 546 1611 dictis
572 1573 745 1611 animum
773 1571 1031 1622 lacrimasque
1057 1571 1194 1610 ciebat.

150 1698 419 1725 TESTIMONIA.

150 1740 265 1774 Dido’
293 1741 494 1773 Arusianus
518 1752 552 1784 p.
579 1740 646 1773 258
670 1742 711 1773 L.
783 1740 846 1773 451
877 1741 1026 1773 ‘Troius
1044 1738 1100 1772 h.'
1123 1741 1263 1772 Marius
1288 1739 1498 1771 Victorinus
1523 1738 1611 1771 2564
1629 1740 1669 1772 P.

149 1787 395 1818 Terentianus
419 1786 569 1818 Maurus
594 1785 683 1818 2164
797 1787 862 1818 452
888 1796 941 1828 sq.
970 1785 1167 1828 ‘adgnovit
1194 1810 1201 1817 .
1223 1809 1230 1817 .
1251 1809 1259 1817 .
1287 1785 1496 1816 obscuram'
1523 1785 1670 1817 Servius

149 1832 239 1863 Aen.
265 1832 315 1863 VI
339 1830 406 1863 340
497 1830 564 1863 460
589 1832 736 1864 Servius
761 1831 850 1864 Aen.
878 1832 927 1863 IV
953 1830 1017 1862 ⁶281
1112 1830 1174 1862 461
1205 1830 1289 1862 ‘sed
1313 1840 1369 1862 me
1395 1831 1420 1861 i.
1441 1829 1494 1861 d.’
1522 1830 1670 1863 Servius

151 1877 242 1908 Aen.
267 1876 318 1908 IV
342 1875 406 1908 281
523 1876 589 1908 462
617 1877 700 1919 ‘per
723 1877 746 1908 l.
775 1887 802 1908 s.
830 1875 878 1908 s.'
906 1876 1054 1908 Servius
1078 1876 1168 1909 Aen.
1194 1876 1251 1907 III
1276 1874 1341 1906 451
1450 1874 1516 1907 465
1543 1876 1671 1917 ‘teque

151 1945 159 1953 .
180 1946 188 1953 .
209 1944 217 1953 .
242 1919 384 1953 nostro'
419 1921 559 1954 Gellius
583 1923 634 1954 IV
662 1920 713 1961 16,
741 1922 759 1952 7
792 1922 930 1954 Nonius
947 1920 1033 1961 501,
1061 1921 1105 1952 24
1128 1921 1247 1962 Asper
1274 1920 1347 1960 112,
1376 1920 1420 1951 22
1443 1921 1488 1953 K.
1604 1919 1671 1952 468

152 1965 299 1999 Servius
323 1966 415 1998 Aen.
441 1966 512 1998 XII
540 1965 603 1998 104

150 2079 280 2108 VARIA
300 2079 468 2106 macno.

208 2130 275 2164 451
289 2121 397 2161 heros
408 2126 453 2174 γΙ)
519 2129 588 2164 452
603 2126 815 2174 a.gnouitb
837 2126 1029 2163 AGNOVIT
1042 2126 1077 2162 R
1095 2125 1332 2161 AGNAVITP
1397 2125 1670 2162 VMBRASPR:

152 2182 206 2229 cf.
217 2187 286 2221 490
296 2179 425 2218 umbra*
435 2194 475 2230 ,γ
497 2181 677 2218 VMBRAM
689 2182 778 2219 Mbc
855 2183 1044 2219 obscuram
1061 2187 1162 2218 recte
1179 2182 1422 2219 adDidonem
1438 2182 1563 2229 refert
1581 2182 1669 2218 Ser»

153 2239 235 2276 vius
303 2242 373 2277 453
392 2237 564 2274 MENSAE
577 2238 611 2274 R
687 2244 756 2278 454
773 2239 900 2275 HAUT
921 2236 1025 2316 (bis)F
1020 2239 1067 2275 M
1083 2236 1151 2274 Aut
1167 2235 1291 2286 (bis)c
1363 2243 1468 2287 putat
1487 2250 1572 2285 sup.
1594 2239 1614 2274 b

151 2333 218 2368 455
238 2327 453 2364 DIMlSlTM
512 2327 804 2365 LACRIMANSR
869 2329 1127 2365 AMORESTM
1149 2329 1532 2378 AMOREESTPRybc
1603 2333 1672 2368 456

152 2385 299 2421 nuntius
317 2387 458 2420 rectius
473 2384 693 2421 Mercurius
713 2385 771 2433 (lv
787 2385 869 2433 564)
892 2397 1006 2432 quam
1030 2387 1186 2432 flamma
1207 2385 1248 2433 (V
1266 2391 1289 2425 3
1308 2385 1405 2434 sqq.)
1426 2387 1668 2433 intelleqitur.

153 2442 243 2477 ‘sed
260 2442 299 2476 in
324 2445 459 2477 neutro
484 2442 596 2477 etiam
619 2444 751 2478 mortis
764 2452 885 2489 qemcs
910 2447 965 2478 est
989 2443 1243 2488 siqnifieatum
1257 2470 1266 2488 ‚
1283 2447 1319 2478 et
1335 2443 1423 2478 ltine
1445 2444 1534 2478 (lacit
1554 2442 1669 2478 serro-

154 2508 224 2544 que
258 2508 288 2532 e.
314 2496 362 2532 s.’
393 2496 560 2533 Servius.
599 2497 676 2534 Sed
701 2499 772 2535 hoc
796 2500 919 2545 ipsum
944 2500 1044 2534 unde
1073 2500 1279 2535 audivisset
1310 2500 1478 2540 Aeneas,
1516 2499 1672 2535 debebat

154 2575 280 2621 aliquo
303 2575 411 2611 modo
427 2580 542 2621 poeta
556 2576 819 2623 'praepar-are.
919 2581 986 2616 457
1011 2549 1203 2613 exstinctam
1224 2589 1245 2613 c
1340 2582 1408 2616 458
1427 2578 1530 2613 FVI'P
1549 2578 1583 2614 P

153 2635 221 2670 459
250 2642 315 2678 per
339 2631 368 2667 si
401 2642 475 2679 qua
506 2631 595 2678 fore
618 2634 684 2680 qui
711 2635 896 2679 scriptum
913 2634 1018 2669 malit
1039 2638 1163 2669 monet
1197 2634 1413 2680 Waynerus
1502 2638 1567 2673 461
1593 2633 1671 2670 SED

112 2698 122 2707 ·
153 2687 258 2735 Rybc
351 2698 447 2724 nunc
462 2699 532 2724 om.
560 2689 595 2725 R
693 2689 757 2725 has
781 2686 849 2739 ire]
872 2690 1023 2726 transire
1051 2688 1167 2736 (trans
1183 2691 1221 2725 in
1243 2686 1335 2739 ras.)
1355 2691 1375 2726 b
1476 2694 1545 2729 462
1567 2695 1671 2728 senta

153 2754 222 2779 om.
235 2743 269 2779 R
287 2784 295 2788 ἡ
317 2748 490 2819 R.noctem
511 2756 534 2793 γ
610 2749 678 2784 463
698 2745 754 2780 ΝΕ
770 2745 806 2781 R
882 2750 951 2785 464
967 2742 1324 2781 HVNCTVTANTVM
1343 2743 1379 2783 R
1436 2747 1609 2783 ‹lircersus
1623 2753 1668 2796 γῙ

236 2832 348 2869 FERE
363 2834 399 2869 P
494 2838 560 2874 467
583 2835 719 2871 ardenti
743 2862 752 2871 .
774 2863 783 2870 .
802 2863 810 2870 .
835 2837 949 2872 tuenti
971 2826 1251 2882 Peerlkam'pus
1336 2839 1406 2875 468
1433 2837 1589 2873 leneibat
1610 2839 1669 2874 ‘in

155 2889 343 2925 codicibus
373 2891 515 2937 aliquot
544 2891 730 2937 antiquis’
757 2901 798 2927 se
834 2893 1051 2928 observasse
1081 2894 1134 2928 ait
1161 2893 1313 2929 Pierius
1340 2894 1670 2931 conl..Prisciano
