1890 3146
677 223 852 251 VERGILI
873 221 1021 250 Amcms
1041 222 1110 249 1111
1571 203 1652 243 217

251 326 505 378 promeritam
533 336 607 365 nec
633 336 696 363 me
724 323 947 363 meminisse
975 321 1122 374 pigebit
1150 319 1318 365 Elissae,
1571 317 1651 358 335

251 400 344 439 dum
375 410 526 438 memor
552 399 636 448 ipse
666 398 763 442 mei,
795 397 888 436 dum
919 396 1077 447 spiritus
1108 395 1181 434 hos
1207 395 1309 446 regit
1339 398 1457 433 artus.

250 484 323 524 pro
353 484 397 511 re
425 483 550 523 pauca
578 470 728 522 loquar.
790 482 917 522 neque
948 481 1020 520 ego
1049 469 1151 508 hanc
1179 467 1420 507 abscondere
1451 467 1553 506 furto

251 546 402 596 speravi
430 543 492 596 (ne
519 544 634 595 finge)
662 542 813 594 sugam,
843 555 918 582 nec
947 543 1122 594 coniugis
1147 554 1334 593 umquam

249 618 452 671 praetendi
481 617 613 656 taedas
643 621 709 656 aut
738 616 835 655 haec
861 617 900 655 in
930 615 1211 655 foederaveni.

250 704 312 731 me
343 691 374 730 si
400 691 596 730 fata-meis
625 693 854 741 paterentur
884 689 1028 729 ducere
1057 690 1173 727 vitam
1570 686 1651 726 340

250 765 430 815 auspiciis
462 768 500 803 et
529 768 666 814 sponte
695 775 782 802 mea
811 774 1047 814 componere
1077 774 1210 807 curas,

249 837 390 876 urbem
417 836 627 881 Troianam
655 836 826 887 primum
855 835 1058 887 dulcisque
1087 847 1266 874 meorum

248 910 431 962 reliquias
461 908 653 955 colerem,
687 907 847 962 [Priami
875 913 978 948 tecta
1007 907 1083 948 alta
1112 906 1336 961 manerent]

248 987 286 1022 et
314 983 482 1022 recidiva
513 994 631 1021 manu
661 983 879 1034 posuissem
908 982 1098 1032 Pergama
1126 982 1249 1020 victis.

246 1056 314 1095 sed
342 1067 447 1095 nunc
476 1055 624 1094 ltaliam
654 1067 836 1106 magnam
869 1055 1047 1107 Gryneus
1076 1053 1234 1105 Apollo,
1566 1052 1647 1092 345

245 1128 392 1169 Italiam
421 1129 560 1180 Lyciae
586 1129 736 1168 iussere
768 1140 973 1179 capessere
1000 1132 1144 1172 sortes;

244 1202 308 1241 hic
337 1214 467 1247 amor,
499 1201 596 1240 haec
626 1202 751 1253 patria
777 1206 846 1240 est.
906 1202 937 1240 si
968 1206 1005 1240 te
1034 1201 1281 1252 Karthaginis
1310 1213 1422 1240 arces

244 1276 496 1315 Phoenissam
526 1274 772 1327 Libycaeque
805 1279 985 1326 aspectus
1016 1275 1162 1314 detinet
1190 1274 1319 1320 urbis,

245 1361 344 1400 quae
373 1348 531 1388 tandem
561 1348 731 1387 Ausonia
762 1348 936 1387 Teucros
967 1342 1172 1388 considere
1202 1352 1307 1387 terra

245 1422 385 1461 invidia
416 1421 497 1460 est?
525 1425 562 1460 et
591 1433 662 1460 nos
693 1421 750 1461 fas
779 1426 911 1461 extera
939 1412 1130 1473 quaerere
1160 1433 1293 1472 regna.
1479 1403 1485 1408 ⁹
1565 1420 1648 1460 350

132 1582 403 1609 TESTIMONIA.

223 1624 289 1658 336
311 1623 510 1667 Appuleius
535 1625 611 1656 fior.
636 1625 691 1656 ΙΙΙ
719 1623 759 1656 16
853 1623 953 1656 ‘dum
979 1648 986 1656 .
1007 1648 1015 1656 .
1035 1648 1043 1655 .
1070 1622 1161 1656 mei’
1191 1625 1360 1657 Donatus
1386 1625 1431 1656 ad
1456 1625 1539 1656 Ter.
1566 1635 1647 1657 eun.

131 1671 168 1702 II
192 1669 223 1711 3,
254 1670 294 1702 14
407 1668 472 1702 337
506 1669 642 1711 ‘neque
670 1694 677 1701 .
696 1694 704 1702 .
724 1694 732 1702 .
759 1667 1002 1702 abscondere’
1045 1668 1221 1701 Claudius
1254 1669 1433 1702 Sacerdos
1465 1670 1483 1701 I
1515 1670 1558 1701 72

132 1714 198 1748 338
222 1725 276 1757 sq.
304 1714 391 1747 ‘nec
419 1738 427 1746 .
446 1739 453 1747 .
473 1738 481 1745 .
507 1713 610 1747 veni'
639 1714 787 1748 Servius
811 1714 903 1747 Aen.
928 1714 1000 1746 XII
1023 1712 1090 1746 ¹558
1190 1713 1369 1747 340—343
1397 1715 1471 1747 ‘me
1499 1738 1507 1745 .
1526 1739 1533 1747 .
1554 1738 1561 1746 .
1588 1725 1647 1747 co-

131 1759 263 1792 lerem'
291 1760 440 1792 Servius
464 1759 553 1791 Aen.
572 1760 643 1791 XII
663 1760 703 1791 15
794 1759 857 1792 341
886 1759 1030 1802 ‘sponte
1051 1784 1059 1791 .
1079 1783 1087 1790 .
1108 1784 1115 1791 .
1136 1758 1260 1791 curas'
1287 1759 1483 1792 Cledonius
1503 1758 1586 1792 1901
1606 1761 1646 1792 P.

221 1804 287 1837 342
311 1814 364 1846 sq.
394 1804 539 1836 ‘dulces
565 1828 574 1837 .
593 1828 600 1836 .
620 1829 628 1836 .
657 1803 832 1837 colerem’
866 1804 1013 1838 Servius
1037 1804 1130 1836 Aen.
1155 1805 1186 1836 X
1212 1803 1256 1837 59
1371 1804 1437 1837 344
1463 1804 1648 1838 ‘recidiva

131 1854 167 1882 :.
186 1874 194 1882 .
227 1848 354 1882 victis’
390 1848 580 1882 Charisius
612 1848 655 1882 76
685 1850 724 1883 P.
841 1849 906 1882 345
939 1860 991 1892 sq.
1027 1849 1193 1891 ‘ltaliam
1223 1860 1396 1892 magnam
1421 1874 1429 1882 .
1450 1875 1457 1883 .
1477 1874 1484 1882 .
1513 1853 1648 1882 sortes·

131 1895 277 1928 Servius
301 1895 391 1926 Aen.
417 1895 474 1927 111
499 1893 565 1928 332
679 1894 746 1928 346
775 1894 887 1927 schol.
922 1896 1008 1927 Hor.
1043 1905 1153 1927 carm.
1187 1905 1286 1927 saec.
1319 1894 1363 1927 39
1478 1894 1542 1928 347
1571 1895 1648 1928 ‘hic

130 1965 138 1973 .
159 1965 166 1972 .
186 1964 193 1971 .
213 1938 352 1982 patria'
371 1940 509 1972 Marius
526 1940 735 1972 Victorinus
752 1940 841 1972 2472
858 1941 898 1973 P.
976 1939 1042 1972 350
1062 1940 1117 1972 ‘et
1199 1939 1332 1983 regna'
1351 1940 1564 1972 Priscianus
1582 1939 1648 1973 599

128 2066 257 2094 VAmA
276 2066 442 2092 Lno'rlo.
1107 2073 1144 2099 mi

214 2117 281 2151 335
303 2114 400 2147 neca
480 2123 535 2148 me
557 2123 628 2148 om.
645 2111 719 2152 Mc,
743 2122 943 2158 suprascr.
968 2123 992 2160 γ
1067 2112 1222 2149 memisse
1236 2124 1256 2148 c
1334 2110 1478 2161 pigebat
1497 2109 1530 2162 (a
1545 2124 1646 2149 corr.

129 2205 167 2239 in
196 2199 219 2252 i)
243 2213 264 2239 c
357 2165 504 2238 ELISS²E
527 2202 572 2238 M
666 2206 734 2241 336
756 2203 837 2238 ‘hic
867 2213 1000 2239 versus
1020 2204 1281 2250 superioribus
1300 2205 1533 2252 iunyenclus’
1558 2189 1647 2240 Ser-

130 2294 210 2329 vius
282 2296 348 2331 337
372 2291 503 2340 loquo.
524 2298 562 2330 cl
645 2297 714 2332 338
733 2297 795 2330 nec
817 2305 839 2329 a
867 2293 922 2329 NE
945 2294 1024 2342 Pyb
1114 2298 1181 2333 339
1203 2257 1372 2330 TfiEDAS
1392 2294 1436 2330 M
1453 2299 1487 2330 tc
1514 2294 1599 2330 edas
1616 2290 1648 2342 (e

124 2361 189 2395 pr.
213 2361 316 2385 corr.
342 2350 380 2384 in
401 2347 432 2398 a)
457 2361 481 2398 y
557 2349 650 2385 haud
674 2348 850 2396 Gothpr.
866 2350 980 2386 ‘haud
1001 2350 1089 2386 haec
1113 2350 1147 2385 in
1167 2350 1315 2387 foedera
1334 2352 1413 2387 veni
1435 2379 1482 2393 ..,.
1507 2355 1543 2386 et
1563 2352 1648 2386 iun-

127 2407 288 2452 9endum
315 2410 371 2442 est
400 2407 610 2452 superiori,
646 2411 712 2441 aut
741 2411 844 2442 certe
876 2408 928 2442 ad
941 2405 1161 2453 pos'teriora
1185 2409 1371 2454 pertinec’
1395 2418 1425 2443 e.
1449 2419 1483 2454 q.
1505 2419 1534 2444 s.
1558 2407 1647 2443 Ser-

1392 2459 1436 2484 Μ·-

130 2497 211 2531 vius
305 2498 368 2546 341
394 2507 599 2543 conponere
620 2497 713 2544 yabl
817 2500 885 2535 343
909 2496 1106 2544 Belliquias
1122 2497 1142 2532 b
1230 2497 1397 2534 COLERE
1446 2498 1492 2533 M
1577 2498 1649 2534 alta

128 2562 245 2597 sup.c
321 2550 453 2588 Priami
539 2557 743 2588 manerent:
757 2552 911 2599 cf.1156.
941 2551 1110 2589 Damnat
1127 2555 1259 2590 merito
1280 2555 1350 2591 hoc
1373 2555 1647 2591 hemistichium

127 2607 419 2654 Peerlkampus.
527 2613 593 2647 345
618 2609 766 2656 grineus
784 2620 807 2644 a
909 2613 976 2648 346
1005 2609 1107 2646 liciae
1136 2621 1159 2658 γ
1254 2611 1448 2658 capaessere
1471 2623 1494 2659 γ
1528 2611 1648 2659 capas-

130 2665 206 2700 sere
229 2669 273 2702 al
364 2667 429 2703 347
453 2663 745 2700 CARTHAGINIS
763 2665 864 2713 Pybc
894 2666 1091 2713 cartaginis
1108 2678 1131 2700 a
1228 2667 1342 2708 arces,
1364 2668 1401 2702 ai
1421 2668 1491 2703 alte
1512 2680 1536 2716 γ
1561 2681 1569 2703 :
1593 2668 1646 2715 cf.

127 2725 195 2760 265
271 2724 339 2758 348
359 2720 560 2756 Poenissam
581 2721 622 2758 bl
704 2720 810 2757 libice
827 2733 850 2769 γ
929 2723 1042 2757 ‘sane
1065 2723 1219 2768 quidam
1247 2724 1285 2759 in
1306 2725 1412 2760 novis
1434 2710 1550 2772 (minis
1561 2723 1590 2772 ?)
1612 2729 1649 2760 et

126 2777 336 2813 emendatis
364 2777 472 2812 libris
498 2788 572 2822 pro
597 2777 752 2817 detinet,
790 2778 951 2814 demeret
980 2779 1170 2814 iuvencum
1191 2777 1390 2816 asserunt’
1416 2780 1573 2825 Servius

126 2832 288 2869 VRBOES
310 2833 346 2868 P
430 2837 497 2872 349
518 2833 685 2869 ausonia.
708 2833 728 2868 b
814 2828 989 2870 teucrosb
1018 2835 1154 2871 teucris
1178 2841 1217 2874 cl
1308 2837 1509 2874 consistere
1535 2848 1570 2873 m

127 2894 196 2928 350
218 2888 418 2926 EXTERNA
443 2888 485 2937 (N
509 2901 555 2924 m.
582 2889 617 2937 2)
639 2890 675 2926 P
691 2895 810 2926 exter.
824 2902 843 2926 a
867 2902 890 2940 γ
