1890 3146
713 229 885 259 venenu
909 228 1057 256 Affinis
1082 227 1111 253 11
1591 208 1667 247 115

265 334 399 375 ulcisci
430 334 593 386 patriam
626 337 664 371 et
692 330 900 370 sceleratas
933 340 1088 368 sumere
1122 338 1278 378 poenas

267 409 434 448 ‘scilicet
463 408 560 447 haec
588 406 768 458 Spartam
801 403 1005 443 incolumis
1035 402 1255 453 patriasque
1286 398 1468 451 Mycenas

267 483 445 534 aspiciet,
472 486 662 533 partoque
691 479 761 518 ibit
788 479 923 529 regina
951 476 1170 527 triumpho,

270 557 571 608 coniugiumque
604 554 842 604 domumque
871 556 1003 602 patres
1033 554 1224 600 natosque
1259 546 1411 590 videbit,

269 630 430 670 Iliadum
461 629 574 669 turba
605 633 643 667 et
672 626 851 678 Phrygiis
879 625 1060 664 comitata
1087 623 1274 662 ministris
1285 624 1298 660 ‘f
1590 618 1672 658 580

271 704 456 744 occiderit
485 704 590 742 ferro
622 701 823 741 Priamus?
882 699 1000 738 Troia
1029 697 1169 737 arserit
1195 696 1300 748 igni?

271 778 508 817 Dardanium
535 777 677 815 totiens
703 774 851 814 sudarit
877 772 1065 824 sanguine
1095 770 1209 810 litus?

270 864 347 890 non
379 852 442 890 ita.
502 862 670 902 namque
700 850 771 889 etsi
799 847 950 887 nullum
979 843 1233 885 memorabile
1263 852 1404 882 nomen

272 925 434 964 feminea
463 924 503 962 in
534 936 660 975 poena
692 929 851 977 est-nec
882 920 1000 960 habet
1030 920 1189 959 victoria
1219 917 1396 961 laudem,

272 997 478 1037 extinxisse
506 998 614 1036 nefas
641 1001 773 1036 tamen
803 1000 840 1035 et
866 995 1079 1046 sumpsisse
1109 992 1295 1032 merentis
1594 989 1676 1028 585

271 1070 460 1110 laudabor
490 1083 655 1122 poenas,
687 1071 939 1121 animumque
971 1067 1147 1119 explesse
1176 1065 1322 1105 iuvabit

271 1145 419 1185 ultricis
449 1145 647 1190 flammae,
680 1149 718 1184 et
742 1144 893 1183 eineres
924 1143 1082 1182 satiasse
1108 1153 1298 1180 meorum.

272 1218 362 1259 talia
391 1219 582 1259 iactabam
614 1224 651 1258 et
675 1219 815 1280 furiata
846 1222 976 1257 mente
1006 1214 1203 1267 ferebam]

274 1306 361 1332 cum
389 1293 483 1333 mihi
511 1306 552 1333 se
569 1325 578 1339 ,
609 1305 688 1332 non
718 1297 806 1332 ante
838 1290 961 1331 oculis
987 1295 1065 1330 tam
1096 1289 1220 1334 clara,
1246 1287 1454 1328 videndam

275 1366 414 1417 optulit
439 1371 477 1406 et
502 1379 602 1420 pura
631 1379 703 1418 per
732 1370 887 1418 noctem
916 1367 953 1405 in
986 1364 1073 1404 luce
1098 1363 1251 1403 refulsit
1597 1360 1679 1399 590

276 1440 375 1479 alma
404 1452 566 1492 parem,
597 1441 774 1480 confessa
804 1440 917 1479 deam
947 1438 1149 1490 qualisque
1180 1436 1299 1476 videri

278 1513 469 1553 caelicolis
500 1519 538 1554 et
566 1519 708 1566 quanta
739 1512 860 1558 solet,
895 1513 1110 1564 dextraque
1139 1511 1378 1562 prehensum

245 1615 250 1620 ·
279 1588 486 1634 continuit,
517 1601 710 1640 roseoque
738 1588 836 1627 haee
865 1588 1027 1638 insuper
1055 1585 1202 1625 addidit
1230 1597 1318 1624 ore:

280 1666 408 1707 ‘nate,
439 1662 524 1713 quis
550 1662 757 1717 indomitas
787 1666 915 1700 tantus
946 1659 1058 1699 dolor
1086 1660 1227 1699 excitat
1255 1658 1359 1698 iras?

278 1735 370 1786 quid
398 1735 494 1774 suris
523 1741 588 1775 aut
620 1747 791 1787 quonam
821 1735 945 1774 nostri
970 1734 1039 1773 tibi
1073 1746 1167 1773 cura
1197 1732 1386 1772 recessit?
1599 1731 1681 1771 595

277 1820 356 1847 non
386 1810 494 1860 prius
521 1810 706 1861 aspicies,
732 1809 801 1850 ubi
831 1809 978 1849 fessum
1009 1812 1132 1848 aetate
1160 1812 1363 1859 parentem

165 1969 434 1997 TESTIMONIA.
1158 1977 1162 1980 ·

256 2013 322 2045 589
346 2024 399 2055 sq.
434 2013 534 2045 ‘eum
566 2037 574 2045 .
594 2037 602 2044 .
622 2038 629 2044 .
666 2013 814 2045 obtulit'
848 2013 995 2045 Servius
1026 2013 1116 2044 Aen.
1148 2012 1166 2044 I
1196 2011 1260 2043 407
1377 2010 1441 2043 591
1478 2010 1592 2042 ‘alma
1618 2035 1625 2042 .
1646 2035 1654 2042 .
1676 2037 1683 2045 .

168 2059 288 2090 (leam'
323 2059 469 2091 Servius
497 2058 567 2091 ecl.
594 2059 683 2090 VIII
712 2058 773 2090 102
874 2058 990 2090 ‘alma
1021 2057 1076 2100 p.’
1110 2057 1307 2089 Diomedes
1331 2057 1398 2089 429
1492 2056 1686 2088 ‘confessa

169 2103 221 2135 d.'
249 2105 397 2136 servius
420 2104 510 2137 Aen.
536 2104 623 2136 VIII
648 2102 712 2136 611
805 2102 871 2136 595
897 2103 1084 2140 Charisius
1109 2103 1173 2134 241
1198 2103 1239 2135 P.

99 2289 106 2299 x
166 2259 294 2288 VARIA
311 2260 478 2287 LEcmo.

244 2311 313 2346 576
335 2307 529 2343 sceleratae
562 2305 732 2354 Valesius
805 2309 874 2344 578
897 2310 1047 2352 regnata
1070 2305 1196 2342 Servii
1215 2305 1318 2341 Cass.
1411 2308 1478 2344 579
1501 2305 1546 2340 ab
1567 2306 1686 2340 inter-

166 2365 338 2410 polatore
363 2365 493 2410 fictum
521 2373 602 2398 esse
639 2364 859 2409 suspicatur
899 2363 1125 2409 Waynerus.
1222 2362 1339 2411 pan-il*
1365 2361 1518 2409 Menay.
1540 2363 1605 2398 alt.

169 2424 238 2458 588
257 2417 415 2470 ferebar]
441 2419 616 2468 loquebar
633 2419 758 2456 Servii
780 2421 892 2456 Fuld.
919 2418 1138 2467 loquebatur
1158 2419 1261 2455 Cass.
1340 2423 1408 2458 589
1429 2431 1513 2455 cum
1537 2439 1586 2445 —
1609 2419 1687 2455 noN

172 2475 207 2510 P
294 2482 368 2514 tum
389 2477 675 2513 Bur-manniam
693 2478 846 2523 quidam
942 2476 1109 2512 OCULOS
1133 2476 1179 2512 M
1220 2483 1226 2488 '
1251 2475 1338 2513 elara
1352 2487 1372 2512 c
1470 2481 1538 2515 590
1558 2477 1689 2512 obtulit

173 2532 326 2577 ——pER
346 2533 381 2568 P
455 2533 589 2582 optulit
607 2547 630 2583 γ
655 2533 840 2569 OBTULI'P
863 2533 974 2569 Mabc
1054 2538 1117 2572 591
1142 2534 1243 2569 alma
1267 2553 1315 2559 —
1343 2532 1555 2568 coNFEssA
1579 2533 1615 2567 P

174 2589 303 2635 parans
316 2595 361 2637 yl
455 2595 522 2629 592
540 2590 727 2626 caelicolis
747 2595 783 2626 et
800 2589 972 2636 quANTA
992 2590 1028 2625 P
1121 2589 1273 2626 Caelieol
1287 2618 1294 2624 .
1307 2590 1337 2625 is
1356 2601 1379 2624 α
1480 2589 1687 2625 DEXTRAM

173 2644 218 2679 M
292 2645 399 2681 ‘hinc
428 2649 552 2682 autem
584 2656 717 2683 versus
747 2646 870 2693 fuisse
899 2647 1066 2682 sublatos
1103 2647 1260 2682 Veneris
1288 2647 1402 2682 verba
1426 2647 1688 2682 demonstrant

172 2702 351 2737 dicentis.-
368 2713 440 2738 non
463 2701 527 2738 tibi
549 2702 761 2751 Tyndaridis
782 2702 891 2738 facies
914 2703 1026 2739 invisa
1041 2700 1243 2739 Lacaenae'
1266 2702 1423 2739 Servius
1439 2705 1534 2739 conl.
1558 2704 1684 2739 adnot.

173 2759 233 2794 ud.
257 2763 326 2798 566
401 2763 469 2798 593
492 2761 675 2795 continuit
697 2760 812 2795 roseo
836 2759 873 2794 P
945 2759 1010 2795 hee
1030 2771 1053 2807 γ
1141 2764 1210 2798 394
1223 2764 1312 2795 uate
1337 2780 1385 2785 -
1411 2760 1634 2797 indulturus
1656 2760 1692 2795 P

248 2837 446 2874 indomitus
462 2844 501 2877 cl
598 2817 715 2876 tantais
730 2849 750 2874 c
847 2843 914 2876 595
936 2839 1027 2897 quid
1054 2859 1099 2863 —
1125 2838 1301 2885 quNAM
1325 2839 1362 2875 P
1453 2844 1523 2880 596
1538 2851 1613 2877 non
1636 2859 1684 2866 —

173 2928 352 2977 aspiClES
370 2929 407 2965 P
481 2903 617 2977 aspicies
639 2928 692 2977 (el'
712 2930 750 2966 in
772 2927 867 2976 ras.)
888 2940 910 2964 a
982 2890 1041 2964 lim
1059 2929 1102 2964 M

1360 2993 1385 3034 8
1397 2993 1418 3016 m
