1910 3172
670 218 843 246 venenu
871 212 1021 245 Amrms
1040 218 1084 246 v1
1557 203 1640 244 309

232 332 310 359 non
340 320 482 359 Simois
512 319 580 360 libi
611 331 683 378 nec
717 318 895 358 Xanthus
924 330 997 358 nec
1025 319 1167 358 Dorica
1199 322 1324 358 castra

233 394 450 439 ‹lefuerint;
482 392 579 433 alius
608 392 717 432 Latio
743 393 819 432 iam
847 396 983 444 partus
1012 391 1200 438 Achilles,

230 472 344 506 uatus
376 473 414 506 et
443 467 526 518 ipse
554 466 646 511 dea3
676 478 750 505 nec
779 465 942 505 Teucris
973 465 1101 504 addita
1127 465 1225 505 Iuno
1582 465 1637 506 90

235 551 398 592 usquam
427 538 574 579 aberit:
608 551 697 579 cum
729 543 769 579 tu
800 538 963 590 supplex
994 539 1032 578 in
1057 538 1177 578 rebus
1209 539 1343 589 egenis

231 624 327 664 quas
357 613 481 663 gentis
511 611 650 651 Italum
678 616 745 652 aut
768 623 864 664 quas
892 623 971 651 non
999 612 1172 652 oraveris
1200 611 1336 652 urbes!

232 698 347 726 causa
377 685 467 726 mali
496 686 590 725 tanti
621 686 790 725 coniunx
819 687 964 725 iterum
994 685 1146 737 hospita
1176 685 1207 726 T
1212 686 1339 725 eucris

233 759 460 812 externique
490 760 631 799 iterum
660 758 832 799 thalami.

229 838 271 873 tu
301 845 350 872 ne
381 832 476 872 cede
507 832 637 879 malis,
670 837 728 872 set
756 837 892 872 contra
922 832 1126 872 audentior
1152 833 1205 871 ito
1582 831 1634 871 95

230 918 305 957 qua
336 911 400 946 tua
426 910 464 945 te
495 906 668 945 Fortuna
695 906 807 945 sinet.
867 906 925 945 via
955 906 1082 956 prima
1113 905 1269 949 salutis,

230 979 334 1031 quod
362 979 520 1018 minime
546 980 668 1023 reris,
702 980 817 1019 Graia
846 978 1039 1030 pandetur
1069 978 1118 1018 ab
1148 977 1282 1018 urbe.’

285 1068 445 1108 Talibus
476 1082 522 1108 ex
547 1069 661 1121 adyto
693 1069 805 1108 dictis
832 1067 996 1120 Cymaea
1027 1067 1172 1120 Sibylla

229 1141 449 1181 horrendas
480 1143 582 1182 canit
611 1141 797 1193 ambages
825 1146 1018 1192 antroque
1046 1141 1235 1193 remugit,

229 1214 406 1255 obscuris
439 1227 528 1255 vera
558 1215 776 1255 involvens:
809 1227 855 1255 ea
883 1214 993 1254 frena
1023 1214 1167 1254 furenti
1557 1215 1635 1255 100

228 1289 399 1327 concutit
429 1293 466 1328 et
497 1288 674 1328 stimulos
703 1287 775 1327 sub
804 1292 964 1339 pectore
995 1289 1108 1327 vertit
1136 1287 1286 1339 Apollo.

230 1365 272 1400 ut
302 1361 471 1412 primum
500 1363 614 1401 cessit
644 1362 755 1401 furor
786 1366 822 1401 et
850 1361 986 1400 rabida
1013 1373 1082 1400 ora
1112 1362 1314 1412 quierunt,

228 1435 363 1486 incipit
391 1435 543 1475 Aeneas
571 1434 710 1475 heros:
742 1441 842 1474 ‘non
869 1433 948 1474 ulla
976 1433 1180 1479 laborum,

116 1583 388 1619 ms'rmonm.

204 1626 250 1659 89
276 1626 388 1659 ‘alius
407 1652 416 1660 .
429 1651 436 1658 .
449 1651 456 1658 .
476 1625 660 1659 Achilles'
679 1626 828 1659 Servius
847 1626 941 1659 Aen.
960 1626 1014 1658 IX
1031 1626 1098 1657 742
1174 1624 1219 1658 90
1234 1636 1290 1667 sq.
1315 1625 1404 1658 ‘nec
1422 1649 1430 1658 .
1449 1649 1457 1658 .
1474 1649 1483 1657 .
1503 1626 1636 1659 aberit'

115 1672 325 1705 Macrobius
350 1671 425 1704 Sat.
451 1672 502 1704 VI
525 1672 558 1712 4,
585 1671 606 1703 2
724 1671 871 1704 ‘addita
902 1697 910 1706 .
931 1696 938 1703 .
959 1696 967 1704 .
1001 1669 1141 1703 aberit'
1174 1670 1287 1713 gloss.
1321 1671 1358 1702 in
1389 1670 1518 1703 Barth.
1552 1671 1635 1704 adv.

118 1717 291 1750 XXXVII
314 1717 336 1750 5
449 1716 503 1749 92.
525 1716 672 1749 Servius
697 1716 787 1749 Aen.
813 1717 901 1749 VIII
928 1715 992 1748 120
1106 1714 1150 1748 95
1175 1726 1228 1758 sq.
1258 1715 1315 1747 ‘tu
1340 1739 1350 1748 .
1367 1740 1376 1747 .
1396 1739 1404 1747 .
1431 1715 1546 1748 sinet’
1573 1716 1636 1748 Se-

115 1773 210 1795 neca
235 1762 341 1805 epist.
366 1759 422 1802 82,
453 1761 493 1793 18
584 1761 628 1794 95
653 1762 867 1794 Priscianus
894 1760 981 1794 1003
1072 1759 1117 1795 96
1141 1771 1194 1803 sq.
1221 1760 1302 1793 ‘via
1327 1784 1336 1793 .
1356 1784 1365 1793 .
1384 1784 1392 1792 .
1418 1760 1527 1793 urbe’
1555 1761 1636 1794 Ser-

115 1808 196 1839 vius
220 1807 309 1839 Aen.
335 1807 424 1839 VIII
452 1805 512 1839 131
629 1805 673 1839 99
704 1807 845 1840 Nonius
876 1805 959 1847 319,
993 1805 1015 1838 6
1131 1805 1197 1838 100
1221 1815 1273 1848 sq.
1299 1805 1412 1838 schol.
1436 1806 1582 1838 Lucani
1605 1807 1638 1838 V

117 1851 181 1884 168
275 1852 339 1884 ‘ea
364 1876 372 1885 .
393 1877 401 1884 .
421 1876 430 1884 .
455 1849 605 1894 Apollo'
633 1851 781 1885 Servius
812 1852 902 1884 Aen.
929 1852 980 1884 VI
1005 1850 1049 1883 79
1144 1850 1321 1883 103-105
1348 1850 1437 1882 ‘non
1464 1876 1471 1884 .
1491 1875 1500 1884 .
1519 1875 1528 1884 .
1554 1862 1635 1894 per-

116 1896 195 1939 egi’
229 1897 372 1929 Seneca
398 1897 503 1939 epist.
529 1894 584 1938 76,
610 1895 654 1929 33
764 1895 828 1929 103
845 1907 897 1939 sq.
925 1899 1014 1928 ‘non
1042 1922 1048 1928 .
1069 1920 1076 1928 .
1098 1920 1105 1928 .
1130 1894 1268 1938 *surgit'
1294 1897 1462 1928 Donatus
1489 1896 1535 1928 ad
1552 1897 1634 1929 Ter.

115 1943 258 1976 Phorm.
283 1942 320 1974 ΙΙ
347 1941 377 1984 1,
402 1941 446 1973 20

116 2101 244 2128 vAmA
262 2100 429 2128 anzmo.

228 2151 274 2186 88
298 2146 585 2183 NECXANTIIVS
606 2146 644 2194 (C
661 2159 710 2183 m.
733 2151 755 2184 2
775 2146 878 2194 add.)
898 2147 934 2183 P
965 2146 1253 2184 NECSANTIIUS
1276 2145 1324 2182 M
1357 2146 1598 2184 necsanethus
1613 2159 1638 2197 γ

118 2237 362 2274 necxhanctul'
383 2237 404 2273 b
497 2241 542 2277 89
564 2237 736 2274 PARTUS
758 2236 804 2274 M
820 2237 978 2286 porthul'
996 2243 1043 2286 γι
1139 2242 1184 2277 90
1203 2240 1266 2274 nec
1287 2248 1308 2273 c
1394 2241 1437 2277 91
1466 2249 1572 2285 quan]
1596 2243 1638 2274 tu

116 2326 397 2374 Peerlkampus
481 2331 526 2367 92
549 2326 721 2364 GENTES
745 2327 869 2364 MRbc
953 2326 1077 2372 01]θὸ
1096 2327 1133 2363 Ρ
1216 2327 1342 2364 VRBIS
1362 2296 1409 2363 P⁴
1472 2332 1518 2367 93
1537 2327 1638 2364 CON-

118 2417 215 2453 IVNX
236 2416 278 2464 (N
299 2429 346 2453 m.
371 2421 394 2455 2
415 2416 522 2465 add.)
549 2418 580 2454 P
671 2421 715 2457 95
737 2417 818 2454 SEr
839 2417 875 2453 P
897 2378 968 2454 ΕΤ
990 2417 1036 2454 M
1055 2417 1134 2454 SED
1154 2417 1262 2467 Rybc
1361 2420 1406 2457 96
1429 2429 1498 2466 qua
1521 2417 1636 2454 Sene-

119 2517 188 2545 cae
209 2519 239 2543 ω
258 2505 378 2551 QVAM
402 2508 500 2550 libri,
524 2507 680 2544 Servius
757 2507 840 2543 sinit
865 2513 906 2546 cl
987 2507 1197 2544 PRIMAUIA
1217 2509 1332 2555 (corr
1344 2506 1470 2554 minio)
1493 2507 1569 2543 M
1553 2520 1636 2556 spes

120 2563 234 2613 prima
256 2562 379 2599 Servii
398 2564 492 2600 Aen.
512 2563 585 2599 Vlll
612 2569 674 2603 131
700 2563 844 2611 Guelf.‚
873 2564 949 2600 sed
962 2563 1016 2600 via
1039 2568 1202 2601 testatur
1228 2564 1385 2601 Servius
1413 2565 1465 2600 ad
1483 2564 1518 2600 k.
1540 2565 1564 2600 l.

117 2624 160 2660 97
187 2631 293 2667 quam
314 2618 460 2655 minime
488 2619 535 2667 (l.·
555 2619 639 2667 qua)
661 2619 785 2656 Servii
803 2621 896 2655 Aen.
918 2619 991 2656 VlIl
1019 2624 1076 2658 131
1102 2619 1230 2667 Guelf.
1330 2621 1459 2668 gra.ia
1480 2621 1501 2656 b
1593 2625 1638 2660 98

119 2677 215 2714 adito
231 2687 252 2712 c
330 2675 476 2711 CYMEA
496 2675 621 2712 MRbc
692 2675 817 2724 sybilla
838 2687 862 2724 γ
949 2680 993 2715 99
1013 2675 1243 2713 HORENDAS
1264 2676 1300 2712 P
1384 2681 1448 2715 100
1470 2688 1512 2713 ea
1533 2676 1636 2713 frena

118 2731 254 2770 furenti
280 2732 442 2768 concutit
469 2741 516 2767 ne
542 2742 627 2767 cum
666 2732 855 2779 Waynero
889 2732 1100 2779 inlelliyas:
1139 2734 1212 2768 ‘ita
1248 2737 1435 2779 temperat
1470 2732 1636 2780 Sibyllae

120 2792 274 2836 pectus,
304 2791 344 2824 ut
372 2789 407 2824 ei
436 2799 511 2824 non
535 2789 647 2824 liceat
671 2789 878 2834 simplicem
898 2797 1028 2824 rerum
1051 2790 1246 2825 veritatem
1267 2799 1444 2836 promere
1457 2793 1480 2835 ,'
1504 2793 1635 2826 vetare

115 2846 271 2882 videtur
292 2844 318 2879 V
344 2848 404 2883 147
428 2846 602 2881 conlatus
621 2855 706 2881 cum
729 2844 802 2880 Vlll
821 2849 854 2884 3.
894 2843 1032 2891 Itaque
1057 2844 1208 2886 effrena,
1242 2846 1266 2882 i.
1293 2856 1324 2882 e.
1355 2845 1527 2882 effrenate
1548 2857 1636 2882 con-

119 2902 191 2938 ieci
210 2902 306 2938 conl.
331 2901 359 2936 ll
383 2905 462 2941 465.
523 2904 590 2940 102
610 2901 770 2938 RAPIDA
791 2900 828 2937 P
850 2900 972 2937 rabida
996 2900 1032 2948 (b
1052 2911 1072 2938 e
1092 2901 1210 2949 corr.)
1230 2914 1254 2951 y
