1910 3172
294 236 317 274 3
328 236 338 272 1
349 236 374 274 4
839 249 1010 275 vmzelm
1030 250 1176 276 Auums
1196 251 1238 277 VI

403 357 517 397 quem
547 345 692 383 socium
725 345 939 384 exanimem
965 350 1090 391 vates,
1122 347 1224 398 quod
1255 360 1396 399 corpus
1423 350 1663 391 humandum

404 418 560 455 diceret.
620 420 734 465 atque
762 416 815 455 illi
842 416 1029 456 Misenum
1058 418 1097 457 in
1128 419 1239 459 litore
1268 421 1392 466 sicco,

410 493 450 527 ut
479 499 637 532 venere,
672 488 798 527 vident
824 489 976 540 indigna
1006 496 1131 530 morte
1161 497 1422 544 peremptum,

402 560 587 599 Misenum
616 559 816 606 Aeoliden,
844 555 919 612 qu‘o
947 574 1025 601 non
1054 566 1309 613 praestantior
1334 565 1428 605 alter

402 644 491 671 aere
522 632 624 671 ciere
651 632 750 670 viros
772 632 1011 684 Martemque
1037 636 1249 675 accendere
1272 642 1398 677 cantu.
1696 641 1772 679 165

400 704 576 743 Hectoris
605 704 668 742 hic
697 705 826 754 magni
849 705 975 744 suerat
1000 718 1146 752 comes,
1173 708 1339 748 Hectora
1368 711 1513 750 circum

403 780 440 815 et
469 776 564 814 lituo
590 787 738 826 pugnas
767 777 924 827 insignis
952 777 1083 817 obibat
1111 783 1149 818 et
1173 779 1292 819 hasta.

399 860 586 899 posquam
614 847 722 886 illum
748 849 822 902 yita
851 849 972 888 victor
998 849 1173 900 spoliavit
1197 852 1380 898 Achilles,

398 920 589 959 Dardanio
619 919 770 959 Aeneae
799 932 883 959 sese
910 921 1142 961 fortissimus
1166 923 1281 962 heros

400 992 598 1031 addiderat
622 993 789 1037 socium,
818 1005 895 1031 non
926 993 1107 1033 inferiora
1136 999 1301 1034 secutus.
1699 1001 1773 1038 170

398 1069 455 1103 set
485 1069 563 1103 tum
589 1064 688 1102 sorte
719 1077 808 1103 cava
836 1065 927 1103 dum
954 1071 1139 1116 personat
1167 1079 1334 1118 aequora
1364 1069 1529 1114 concha,

398 1136 575 1181 demens,
604 1140 641 1174 et
667 1140 781 1175 cantu
811 1141 920 1176 vocat
949 1138 988 1177 in
1014 1139 1220 1178 certamina
1251 1140 1375 1185 divos,

287 1304 554 1331 TESTIMONIA.

378 1346 439 1378 162
464 1357 516 1388 sq.
551 1345 677 1388 ‘atque
710 1372 718 1380 .
737 1370 745 1379 .
766 1370 772 1377 .
804 1347 1044 1389 peremptum’
1077 1349 1243 1381 Donatus
1268 1350 1314 1382 ad
1337 1350 1420 1382 Ter.
1448 1361 1526 1383 eun.
1553 1352 1592 1389 V,
1607 1352 1639 1393 5,
1665 1353 1686 1384 4

289 1390 351 1422 164
376 1391 571 1423 ‘Misenum
596 1390 660 1422 A.'
687 1391 832 1423 Servius
855 1391 944 1423 Aen.
969 1392 1026 1424 111
1049 1391 1136 1424 239·
1213 1392 1276 1426 165
1306 1394 1517 1427 Priscianus
1549 1395 1613 1428 865
1712 1396 1789 1429 166-

286 1436 465 1467 ‘Hectora
490 1435 540 1467 c.’
565 1435 674 1467 Probi
698 1435 781 1467 inst.
805 1436 823 1467 1
846 1435 878 1475 4,
903 1436 944 1467 21
1039 1435 1100 1468 167
1127 1437 1264 1470 Gellius
1288 1439 1319 1471 V
1341 1437 1374 1478 8,
1402 1438 1440 1470 ll
1466 1440 1672 1473 Macrobius
1697 1441 1772 1473 Sat.

285 1481 334 1511 VI
358 1479 391 1519 8,
405 1479 438 1555 86
552 1478 614 1512 168
638 1480 783 1512 Servius
807 1479 894 1512 Aen.
920 1481 1006 1514 VIII
1030 1480 1095 1513 202
1118 1482 1170 1513 XI
1193 1481 1237 1513 80
1352 1482 1411 1515 171
1438 1494 1488 1526 sq.
1515 1484 1660 1517 Servius
1683 1485 1771 1517 Aen.

283 1675 412 1704 VARIA
431 1675 595 1702 LECTIO.
1558 1686 1640 1713 DVM

389 1725 451 1760 161
476 1720 699 1756 EXANIMEM
719 1720 765 1756 M
786 1720 1013 1757 EXANIMVM
1027 1721 1197 1790 PRybcf
1217 1722 1268 1770 cf.
1290 1727 1352 1763 149
1427 1723 1774 1801 HUMANUKIgsupra

283 1821 361 1887 ὶςξν.
382 1809 508 1856 minio)
530 1809 576 1846 M
649 1813 714 1849 162
736 1809 788 1845 illi
807 1819 1005 1856 suprascr.
1024 1822 1048 1859 γ
1124 1810 1247 1848 littore
1269 1812 1336 1849 blc
1419 1816 1482 1851 163
1501 1812 1612 1849 VENE
1665 1814 1700 1849 R

327 1899 456 1935 DIGNA
476 1899 520 1934 M
596 1901 663 1937 164
681 1898 852 1935 aeolidem
874 1904 914 1936 cl
1004 1899 1194 1944 ‘Er-mem,
1215 1901 1410 1937 librarium
1431 1905 1466 1937 et
1485 1901 1654 1938 libertum
1676 1899 1772 1938 eius’

287 1952 473 2004 (Veryilii)
497 1956 677 1990 ‘exactae
696 1955 770 1990 iam
793 1957 1014 1999 senectutis,
1043 1956 1200 1992 tradunt
1222 1956 1374 2003 referre
1397 1957 1564 2000 solitum,
1587 1959 1772 2004 quondam

283 2012 322 2046 in
343 2011 538 2046 recitando
556 2020 638 2045 eum
660 2011 753 2046 duos
771 2011 980 2046 dimidiatos
999 2021 1131 2047 versus
1149 2013 1351 2057 complesse
1367 2022 1416 2047 ex
1432 2016 1620 2058 eempore:
1635 2017 1671 2048 et
1687 2013 1774 2048 huic

284 2066 456 2102 Misenum
479 2064 648 2102 Aeoliden
670 2066 850 2102 adiecisse
872 2076 943 2112 quo
964 2077 1036 2102 non
1057 2078 1091 2114 p.
1115 2067 1223 2107 alter,
1247 2068 1332 2102 item
1349 2067 1435 2103 huic
1462 2078 1541 2104 aere
1563 2067 1656 2104 ciere
1677 2068 1773 2104 viros

284 2122 396 2158 simili
419 2122 546 2157 calore
573 2122 711 2157 elatum
745 2121 1227 2169 subiunxisse-Martemque
1249 2134 1278 2158 a.
1300 2134 1350 2162 c.‚
1388 2125 1586 2169 statimque
1612 2124 1683 2159 sibi
1707 2125 1773 2159 im-

280 2187 439 2224 perasse
466 2181 507 2213 ut
530 2180 731 2223 utrumque
754 2178 930 2212 volumini
947 2178 1195 2213 adscriberet'
1214 2177 1387 2214 Donatus
1407 2179 1482 2213 vita
1516 2178 1624 2226 Very.
1643 2182 1695 2219 12,
1717 2183 1772 2218 49.

284 2233 334 2279 (in
365 2232 540 2269 Suetonio
571 2232 937 2278 Reifferscheidiano
963 2243 1000 2278 p.
1033 2236 1095 2272 62,
1129 2237 1150 2271 6
1169 2235 1262 2282 sqq.)
1302 2233 1391 2269 Veri
1416 2234 1596 2270 similiora
1619 2233 1773 2270 Servius

284 2290 335 2326 ad
354 2301 386 2325 v.
412 2292 487 2326 165.
565 2291 630 2326 165
650 2287 682 2323 ci
697 2298 776 2323 ,ere
791 2298 812 2322 c
879 2287 1118 2335 ‘Martemque
1140 2288 1330 2325 accendere
1351 2292 1477 2324 cantu:
1502 2289 1772 2325 hemistichium

283 2345 353 2380 hoc
368 2345 506 2380 dicitur
521 2343 719 2386 addidisse,
741 2343 828 2378 dum
838 2342 1003 2389 Augusto
1019 2343 1119 2379 hunc
1138 2348 1285 2379 sextum
1299 2344 1432 2379 librum
1452 2345 1629 2379 recitaret
1636 2358 1649 2382 ;
1667 2341 1773 2393 [nam

285 2404 371 2436 ante
393 2398 665 2434 hemistichium
685 2397 834 2443 fecerat
853 2399 1007 2434 dicendo
1029 2409 1108 2434 aere
1125 2399 1218 2434 ciere
1240 2399 1354 2439 viros,
1382 2403 1516 2444 postea
1537 2401 1576 2434 in
1588 2409 1772 2445 praesen-

284 2457 335 2491 tia
345 2455 504 2501 Auyusti
521 2463 572 2489 ea:
596 2454 827 2489 abundantia
847 2455 1054 2489 intellectus
1078 2455 1219 2490 addidit
1239 2455 1377 2490 subito:
1404 2454 1620 2502 Martemque
1647 2466 1677 2490 a.
1700 2451 1770 2504 c.]'

285 2510 449 2547 Servius.
503 2509 687 2545 Fabulam
720 2510 910 2555 quandam
943 2519 1051 2545 suam
1082 2510 1169 2545 huic
1194 2509 1360 2556 fabellae
1400 2511 1598 2546 admiscuit
1619 2510 1773 2556 Gruppe

282 2565 379 2602 Min.
392 2569 457 2604 183
466 2575 545 2611 sqq.
594 2564 713 2608 Quam
732 2565 797 2610 qui
809 2566 998 2601 mendacio
1017 2566 1145 2611 fictam
1168 2566 1304 2601 habent
1323 2566 1454 2611 quidni
1471 2569 1670 2611 utrumque
1691 2575 1772 2601 ver-

282 2632 364 2657 sum
403 2621 503 2657 obelo
536 2625 784 2657 notaverunt?
889 2624 952 2659 166
987 2620 1225 2656 HECTOREIS
1248 2620 1282 2656 R
1319 2621 1493 2656 Hectores
1513 2626 1556 2668 γι
1650 2626 1772 2656 ectora

284 2677 414 2713 circum
437 2688 461 2724 γ
559 2679 621 2714 167
640 2675 835 2712 INSIGNES
860 2675 893 2711 R
989 2679 1056 2715 168
1074 2673 1214 2723 Ροίῖμιεῑ
1233 2687 1253 2712 c
1291 2674 1522 2719 POSTQVAM
1542 2674 1698 2723 MPRyb

286 2731 452 2768 .aehillel'
463 2735 508 2781 72
532 2731 704 2768 anchilles
721 2736 760 2767 ut
782 2732 850 2767 vid.
874 2736 916 2779 yl
997 2736 1064 2771 170
1083 2731 1272 2768 Addiderat
1292 2730 1316 2778 (i
1343 2741 1362 2767 e
1383 2729 1500 2777 corr.)
1510 2741 1561 2806 γΤτ
1583 2729 1772 2766 addederat

284 2822 465 2866 scriptum
482 2819 618 2866 fuerat
720 2823 782 2858 171
806 2819 885 2855 SET
911 2820 961 2857 Pl
1006 2820 1082 2856 SED
1106 2820 1312 2869 MP2Rybc
1406 2816 1500 2868 tum]
1523 2818 1618 2855 DUM
1637 2818 1682 2854 M
1697 2823 1771 2854 tum

285 2875 314 2922 (t
334 2885 353 2911 e
373 2874 490 2921 corr.)
513 2887 536 2924 γ
614 2879 680 2915 172
699 2874 890 2912 certamine
910 2887 934 2923 γ
1057 2888 1066 2899 ·
1311 2864 1317 2876 ¹
