1890 3146
324 191 400 230 146
861 203 1031 230 vnumm
1053 203 1198 230 Amans
1218 204 1268 229 111

430 303 467 340 in
495 302 659 344 somnis,
689 299 809 339 multo
833 300 1038 339 manufesti
1067 300 1229 346 lumine,
1259 313 1332 351 qua
1361 313 1401 340 se

422 373 540 424 plena
571 384 640 423 per
668 373 830 411 insertas
859 372 1043 411 fundebat
1069 372 1158 412 luna
1184 373 1399 418 fenestras,-

430 450 511 482 tum
535 445 589 483 sic
614 445 736 483 adfari
765 449 803 483 et
828 456 939 483 curas
958 444 1030 483 ‘his
1059 444 1213 484 demere
1243 445 1371 483 dictis:

431 516 554 567 ‘quod
584 516 652 555 tibi
678 516 801 555 delato
832 517 1025 567 Ortygiam
1051 517 1222 556 (licturus
1247 517 1380 567 Apollo
1411 522 1484 560 est,

431 589 492 627 hic
522 589 640 633 canit,
671 593 708 627 et
732 593 796 627 tua
825 600 895 627 nos
925 601 971 628 en
997 588 1098 627 ultro
1126 589 1173 627 ad
1198 588 1327 627 limina
1356 590 1479 628 mittit.
1725 591 1802 628 155

431 672 502 699 nos
531 665 569 699 te
598 661 786 700 Dardania
811 662 964 700 incensa
994 665 1135 713 tuaque
1165 672 1268 700 arma
1300 662 1441 706 secuti,

433 745 504 772 nos
528 733 716 772 tumidum
745 733 816 773 sul)
846 738 882 772 te
911 734 1104 783 permensi
1135 733 1321 772 classibus
1351 746 1496 786 aequor

434 806 535 844 idem
564 809 745 844 venturos
757 797 950 844 'tollemus
979 807 1017 844 in
1047 810 1147 845 astra
1179 810 1338 857 nepotes
1408 852 1410 854 Ι

433 878 716 929 Imperiumque
743 877 832 917 urbi
862 878 1048 916 dabimus.
1106 882 1146 916 tu
1177 879 1326 916 moenia
1354 878 1501 927 magnis

435 962 573 1000 magna
606 961 722 1000 para,
753 950 988 1001 longumque
1015 950 1128 1000 fugae
1158 963 1206 989 ne
1235 949 1364 1000 linquo
1392 949 1576 988 lahorem.
1729 949 1806 989 160

436 1022 640 1061 mutandae
669 1022 790 1061 sedes.
849 1034 926 1060 non
952 1022 1048 1061 haec
1076 1022 1145 1061 tihi
1173 1022 1283 1061 litora
1312 1023 1429 1060 suasit

437 1094 566 1134 Delius
595 1099 660 1134 aut
684 1094 819 1133 Cretae
849 1094 955 1133 iussit
980 1095 1181 1134 considere
1208 1094 1354 1145 Apollo.

325 1263 588 1291 TESTIMONIA.

418 1329 479 1361 155
511 1328 656 1360 Servius
687 1326 774 1358 Aen.
807 1327 862 1358 111
887 1325 949 1358 188
1041 1326 1104 1358 156
1127 1337 1178 1368 sq.
1208 1326 1366 1358 Isidorus
1396 1327 1486 1368 orig.
1509 1326 1527 1358 I
1551 1325 1612 1367 35,
1636 1325 1658 1357 8
1749 1325 1810 1358 158

327 1374 473 1406 Servius
497 1373 587 1407 Aen.
611 1373 628 1403 I
652 1373 694 1403 22
765 1370 827 1402 159
843 1381 894 1412 sq.
916 1371 970 1402 ‘tu
1060 1370 1166 1413 para’
1186 1370 1298 1402 schol.
1316 1372 1446 1403 Veron.
1464 1370 1518 1410 87,
1540 1370 1580 1403 13
1596 1371 1639 1402 K.
1666 1370 1810 1403 Servius

326 1419 414 1450 Aen.
440 1418 475 1449 11
499 1417 565 1449 294
659 1415 717 1447 161
744 1425 794 1457 sq.
820 1413 908 1446 ‘non
934 1439 942 1446 .
961 1439 969 1446 .
989 1439 997 1446 .
1024 1414 1166 1457 Apollo'
1193 1414 1302 1447 schol.
1327 1415 1443 1446 Persii
1466 1415 1501 1446 11
1525 1414 1568 1446 36
1644 1414 1706 1446 162
1732 1414 1811 1446 ‘aut

328 1487 336 1494 .
357 1486 366 1494 .
384 1487 391 1494 .
416 1460 562 1504 Apollo’
588 1460 778 1502 Pompeius
802 1470 837 1502 p.
862 1459 927 1492 355
951 1460 992 1492 L.
1087 1460 1236 1491 ‘Cretae
1262 1483 1270 1490 .
1288 1483 1296 1491 .
1315 1483 1322 1491 .
1349 1458 1492 1501 Apollo'
1519 1458 1709 1492 Cledonius
1729 1458 1812 1491 1922

327 1630 453 1658 VARIA
478 1629 641 1656 LEOTIO.

406 1702 466 1736 151
485 1698 523 1732 in
543 1696 577 1731 P
647 1696 701 1730 ‘in
724 1695 875 1731 somnis:
905 1696 1010 1730 multi
1027 1695 1087 1730 hie
1106 1695 1353 1740 distinquunt,
1379 1698 1414 1729 el
1436 1695 1560 1730 volunt
1580 1706 1694 1730 unam
1708 1706 1812 1740 par-

330 1757 400 1789 tem
422 1762 501 1788 esse
518 1752 715 1794 orationis,
740 1752 763 1786 i.
779 1760 810 1786 e.
823 1751 1008 1797 viqilcmlis
1028 1778 1035 1785 .
1051 1777 1076 1785 ..
1098 1751 1204 1785 mulli
1221 1750 1255 1785 in
1276 1749 1409 1785 somnis
1430 1750 1557 1785 dicunt
1576 1754 1612 1785 et
1627 1751 1812 1795 posterio-

330 1810 434 1845 ribus
463 1809 641 1854 iunqunt,
682 1807 780 1842 unde
815 1810 850 1842 et
883 1805 966 1842 visi’
998 1805 1160 1842 Servius.
1258 1803 1500 1840 MANUFESTI
1519 1805 1556 1839 F
1585 1805 1812 1841 MANIFESTI

330 1886 475 1922 MPabc
501 1883 685 1920 manifesto
708 1889 753 1932 yl
834 1887 900 1921 152
926 1882 1050 1928 pleNA
1070 1883 1102 1918 Ρ
1182 1862 1429 1919 FUNDEBANT
1455 1879 1604 1932 (puncto
1624 1879 1817 1931 rubro)zM

331 1941 500 1978 fundebat
515 1940 543 1988 (t
557 1952 603 1975 m.
620 1942 641 1975 2
655 1941 694 1975 in
714 1949 790 1974 ras.
813 1940 972 1975 duarum
997 1935 1062 1987 lit.)
1083 1951 1107 1987 y
1182 1943 1248 1977 153
1268 1953 1322 1970 =
1341 1937 1411 1973 Vlll
1432 1942 1475 1976 35
1551 1937 1623 1973 tufi
1638 1937 1673 1972 P
1744 1937 1814 1972 AD-

332 2019 462 2056 FARIS
483 2019 519 2054 P
594 1991 640 2053 hil*
651 2018 671 2053 b
751 2016 831 2052 ‘hic
846 2027 983 2053 versus
1003 2017 1040 2052 in
1064 2017 1188 2052 multis
1208 2027 1280 2051 non
1296 2016 1502 2059 invenitur,
1524 2016 1589 2061 qui
1607 2019 1728 2051 tamen
1750 2016 1815 2050 ad-

332 2076 479 2111 modum
500 2074 737 2110 necessarius
756 2078 810 2108 est
822 2076 829 2086 '
854 2072 1027 2108 Servius.-
1046 2072 1097 2119 cf.
1116 2071 1144 2106 ll
1163 2075 1228 2110 775
1253 2072 1434 2107 Fortasse
1455 2071 1568 2107 verba
1588 2075 1623 2106 et
1643 2081 1744 2106 curas
1764 2097 1773 2105 .
1787 2098 1794 2105 .
1807 2096 1815 2104 .

333 2131 436 2166 dietis
456 2130 516 2165 hic
540 2141 562 2164 a
578 2133 692 2175 poeta
711 2139 783 2164 non
800 2129 926 2173 posita
948 2132 1045 2163 sunt.
1123 2132 1188 2165 154
1207 2128 1307 2172 quod
1327 2127 1393 2162 tim
1407 2127 1442 2162 P
1514 2120 1767 2174 ORTHYGJAM
1784 2126 1821 2160 F

335 2185 500 2233 ortigiam
520 2185 540 2220 b
615 2184 758 2232 appollo
781 2184 830 2219 est
847 2195 869 2218 α
893 2183 1056 2231 Apollost
1076 2184 1133 2219 ed.
1156 2183 1359 2228 Lipsiensis
1426 2187 1488 2220 155
1510 2182 1629 2217 kic—
1643 2182 1712 2216 tuA
1732 2181 1765 2216 P

600 2243 635 2261 en

336 2287 379 2312 en
401 2276 440 2311 in
461 2283 537 2310 ras.
555 2285 578 2308 a
604 2271 637 2309 Sc
657 2284 680 2321 γ
699 2272 753 2308 ΕΤ
775 2272 811 2307 Ρ
893 2276 958 2310 156
983 2282 1051 2307 nos
1071 2275 1105 2307 te
1126 2271 1320 2307 dardanIA
1339 2270 1376 2306 P
1454 2273 1519 2309 157
1547 2280 1613 2306 nos
1644 2269 1818 2305 tumiduM

341 2365 376 2400 P
455 2323 662 2399 TVMEPPVM
683 2357 794 2409 (corr.
817 2358 871 2396 mg
887 2357 976 2409 ant.)
998 2361 1035 2395 F
1107 2360 1302 2408 permensi.
1323 2370 1344 2395 c
1381 2320 1564 2395 PERMENSI
1585 2358 1626 2394 M
1661 2358 1816 2406 permissi

343 2418 469 2468 (voluit
487 2416 673 2466 permessi)
699 2415 823 2462 Sprol.
846 2428 891 2451 m.
917 2421 934 2453 l
1013 2417 1137 2451 ‘multi
1163 2419 1286 2451 autem
1303 2414 1481 2462 permensi
1505 2415 1583 2449 sine
1606 2425 1628 2450 n
1649 2415 1774 2460 leyunt
1795 2426 1818 2448 a

339 2472 669 2532 verbo‘permetior.
716 2472 790 2507 Hic
819 2481 950 2508 versus
971 2473 1138 2507 variasse
1162 2472 1316 2507 dicitur’
1339 2469 1493 2506 Servius
1513 2484 1524 2505 :
1545 2469 1596 2516 cf.
1619 2469 1661 2505 XI
1680 2473 1747 2507 244

340 2525 540 2599 CLASSIBVS
573 2558 669 2611 (sup.
693 2573 741 2597 m.
766 2559 857 2610 ant.)
883 2561 920 2596 F
1008 2563 1073 2598 158
1099 2561 1195 2595 idem
1223 2558 1410 2595 venturOS
1431 2558 1467 2594 P
1555 2557 1695 2594 tollem’
1716 2556 1736 2591 b

340 2615 393 2668 in]
425 2619 466 2654 ad
496 2618 648 2654 Servius
676 2618 767 2653 Aen.
797 2617 810 2651 I
832 2621 875 2653 22
949 2615 1091 2651 ASRTA
1114 2615 1159 2650 M
1246 2619 1311 2654 159
1332 2613 1604 2660 imperiumquE
1626 2613 1662 2648 P
1754 2616 1820 2650 160

341 2685 478 2720 magna
501 2685 602 2720 para
627 2674 663 2709 P
737 2672 804 2730 figo
831 2677 870 2709 a!
951 2670 1064 2714 LINQ-
1088 2670 1135 2706 M
1207 2674 1268 2708 161
1294 2671 1494 2706 mutandae
1513 2667 1631 2705 seDES
1654 2667 1690 2703 P
1762 2667 1818 2702 lit-

342 2734 420 2765 tora
440 2730 481 2767 bl
511 2729 654 2765 litorum
675 2734 720 2766 al
813 2731 879 2766 162
906 2726 1080 2762 confidere
1110 2726 1222 2762 schol.
1247 2726 1371 2762 Persii
1401 2729 1489 2761 teste
1512 2724 1550 2760 0.
1574 2723 1711 2760 Jahnio
1735 2734 1820 2758 con-

588 2787 594 2792 ‘
956 2785 972 2803 a

344 2817 458 2853 sidere
487 2817 683 2853 Cledorzius
752 2816 894 2863 appollo
915 2827 938 2850 a
975 2785 1080 2862 pollit
1102 2826 1123 2851 c
