1890 3146
633 213 808 241 vnnfflm
837 211 987 239 Annms
1016 212 1048 237 11
1543 195 1595 234 79

184 316 245 355 bis
274 316 414 367 quinos
436 314 523 354 silet
550 313 614 353 ille
649 313 733 352 dies
762 317 966 364 tectusque
991 315 1148 351 recusat

185 389 355 440 prodere
387 400 481 427 voce
509 399 579 427 sua
609 398 845 438 quemquam
877 389 944 425 aut
974 396 1175 436 opponere
1205 383 1336 422 morti.

186 464 246 501 vix
274 462 454 508 tandem,
483 461 636 511 magnis
664 460 788 499 Ithaci
818 459 1055 498 elamoribus
1083 462 1212 502 actus,

119 537 124 542 '
168 537 403 587 *composito
429 535 577 586 rumpit
603 546 764 583 vocem,
796 537 834 572 et
863 545 927 572 me
957 532 1126 573 destinat
1155 543 1259 570 arae.

186 609 396 649 adsensere
428 620 584 653 omnes,
617 611 655 646 et
683 619 784 658 quae
813 605 887 645 sibi
912 606 1077 657 quisque
1107 604 1269 644 timebat
1519 604 1597 644 130

186 683 304 722 unius
328 684 367 722 in
391 682 523 721 miseri
553 681 714 723 exitium
738 691 925 719 conversa
955 678 1093 719 tulere.

186 757 342 807 iamque
371 756 455 795 dies
484 754 642 794 infanda
674 753 833 794 aderat:
863 753 959 792 mihi
989 764 1101 792 sacra
1123 752 1255 803 parari

187 834 224 868 et
254 829 378 868 salsae
409 830 543 880 fruges
567 832 606 868 et
636 829 786 867 circum
816 831 994 878 tempora
1022 827 1148 865 vittae.

188 903 331 954 eripui,
362 903 508 946 fateor,
538 901 617 941 leto
639 913 702 941 me
734 905 772 939 et
801 900 954 940 vincula
984 900 1096 950 rupi,

187 960 406 1027 limosoque
436 975 524 1015 lacu
558 987 628 1026 per
655 980 811 1028 noctem
840 973 1035 1013 obscurus
1064 974 1101 1012 in
1132 972 1219 1012 ulva
1518 971 1597 1012 135

187 1048 341 1096 delitui,
372 1050 466 1088 dum
496 1048 579 1088 vela
601 1049 762 1094 darent,
795 1050 827 1087 si
856 1048 957 1086 sorte
987 1046 1196 1086 dedissent.

186 1134 259 1161 nec-
287 1122 384 1161 mihi
414 1123 492 1161 iam
517 1122 684 1173 patriam
714 1122 911 1172 antiquam
941 1122 1032 1173 spes
1062 1119 1140 1159 ulla
1171 1119 1328 1160 videndi

185 1208 259 1235 nec
290 1195 456 1248 duplicis
482 1201 595 1234 natos
618 1199 925 1246 exoptatumque
956 1198 1182 1245 parentem;

72 1366 340 1393 TESTIMONIA.

169 1409 233 1442 126
249 1420 301 1452 sq.
330 1412 469 1442 ‘tectus
494 1434 502 1442 .
521 1433 531 1442 .
549 1433 558 1441 .
585 1407 709 1442 morti’
735 1409 851 1442 schol.
876 1410 963 1442 Hor.
992 1420 1104 1442 earm.
1130 1410 1147 1442 I
1171 1409 1205 1451 9,
1231 1409 1272 1441 21
1371 1409 1434 1441 127
1459 1410 1599 1442 Nonius

74 1453 152 1495 363,
182 1454 222 1486 19
331 1455 395 1487 129
419 1456 587 1487 Donatus
613 1455 660 1486 ad
684 1455 768 1486 Ter.
793 1455 939 1487 Phorm.
964 1455 997 1486 V
1026 1454 1060 1494 l,
1085 1453 1130 1486 29
1238 1455 1462 1497 ‘composito
1488 1466 1516 1487 r.
1542 1454 1596 1488 v.’

75 1500 223 1532 Servius
248 1500 338 1533 Aen.
365 1501 398 1532 X
422 1499 466 1533 63
561 1499 625 1532 130
657 1499 876 1532 ‘adsensere
909 1498 962 1532 0.'
987 1500 1187 1532 Diomedes
1212 1499 1277 1532 377
1302 1501 1343 1533 Ρ.
1438 1500 1499 1532 131
1526 1501 1599 1533 Νο-

74 1545 157 1577 nius
180 1544 260 1586 406,
287 1546 330 1576 27
381 1548 387 1551 χ
449 1544 514 1578 132
538 1555 591 1587 sq.
627 1545 734 1576 ‘mihi
759 1569 768 1576 .
786 1569 795 1577 .
814 1569 822 1576 .
848 1544 986 1578 vittae'
1020 1545 1133 1580 schol.
1160 1546 1248 1577 Hor.
1267 1552 1388 1578 marm.
1414 1546 1471 1577 111
1495 1545 1551 1585 23,
1578 1544 1599 1578 3

181 1589 246 1623 132
273 1590 382 1622 ‘mihi
406 1601 423 1622 s
460 1589 513 1633 p.’
539 1590 677 1622 Nonius
700 1590 787 1629 522,
813 1589 835 1621 9
875 1591 1044 1622 Donatus
1077 1591 1123 1622 ad
1154 1591 1239 1622 Ter.
1265 1591 1375 1623 Andr.
1401 1591 1451 1622 IV
1482 1591 1511 1631 l,
1539 1591 1595 1624 32.

74 1635 105 1672 2,
131 1635 150 1666 7
183 1635 296 1678 gloss.
323 1636 449 1668 Barth.
482 1635 564 1667 adv.
590 1635 782 1667 XXXVIII
811 1635 851 1667 15
969 1635 1032 1668 134
1065 1635 1202 1678 ‘eripui
1235 1659 1243 1666 .
1264 1659 1272 1667 .
1292 1657 1302 1668 .
1334 1635 1411 1668 me’
1447 1636 1598 1669 Servius

74 1681 164 1712 Aen.
190 1681 209 1712 Ι
232 1680 299 1713 596
392 1679 456 1713 136
483 1680 586 1712 ‘dum
611 1704 620 1712 .
639 1705 648 1712 .
665 1705 675 1713 .
701 1679 908 1713 dedissent'
934 1681 1102 1713 Donatus
1128 1681 1174 1713 ad
1198 1681 1282 1713 Ter.
1299 1681 1444 1713 Phorm.
1463 1682 1501 1714 II
1521 1681 1537 1713 l
1554 1682 1599 1715 43

72 1841 200 1868 VARIA
228 1841 396 1868 LEO'I'IO.

148 1902 216 1937 126
235 1898 392 1934 recursat
406 1902 502 1946 ylat
583 1901 646 1937 127
670 1897 886 1934 OPPONEre
906 1900 1020 1934 morti
1039 1898 1075 1934 P
1146 1899 1255 1935 morti
1279 1896 1319 1948 (ti
1341 1910 1360 1934 e
1384 1900 1500 1949 corr.)
1519 1912 1542 1935 a
1640 1927 1652 1931 -

76 1959 142 1994 128
163 1954 272 1990 itachi
294 1955 315 1990 b
362 2001 368 2005 -
392 1954 658 1990 CLAMORlBus
679 1960 788 1990 actus
809 1955 846 1990 P
920 1959 987 1993 129
1003 1954 1199 2003 Conposito
1215 1968 1238 1991 α
1311 1957 1415 2004 rupit
1430 1968 1452 2004 χ
1529 1956 1600 1992 DE-

75 2045 213 2081 STlnal
240 2055 335 2080 arae
355 2045 390 2080 P
440 2044 636 2081 *destinat
660 2056 684 2093 γ
753 2049 820 2084 130
838 2006 1106 2100 ABSENSEJREV
1125 2044 1167 2081 M
1179 2046 1365 2082 Assensere
1385 2047 1405 2083 b
1484 2045 1600 2090 QVIS·

74 2112 146 2148 que
177 2102 329 2137 timebat
350 2101 386 2137 P
481 2101 656 2137 timebant
683 2106 823 2159 ylalel
858 2103 932 2138 ‘est
964 2106 1090 2138 autem
1117 2103 1349 2149 liqut-alius,
1381 2104 1417 2138 si
1448 2104 1600 2151 leyatur

76 2191 268 2228 timebant’
290 2191 449 2229 Servius
527 2196 590 2231 131
620 2156 823 2228 ΟΟΝΠΕΙῖΑ
842 2192 890 2228 M
968 2193 1089 2229 tulere
1109 2193 1145 2229 P
1216 2169 1282 2232 132
1305 2205 1394 2241 ergo
1422 2193 1498 2230 dies
1523 2195 1599 2230 No-

72 2250 129 2284 nii
149 2250 314 2295 eoeempl.
389 2249 511 2285 Sacra
529 2251 673 2295 parari
689 2249 725 2285 P
798 2254 974 2298 parantur
1000 2249 1116 2286 schol.
1142 2249 1241 2285 Hor.
1341 2255 1409 2290 133
1438 2251 1550 2287 uittae
1574 2250 1601 2300 (t

70 2316 133 2374 pr.
157 2338 177 2363 e
198 2325 315 2376 corr.)
342 2340 365 2364 α
397 2304 494 2364 ultae
513 2340 537 2377 γ
562 2327 681 2365 vittae
700 2328 738 2364 P
822 2333 889 2368 134
910 2328 1009 2365 loeto
1030 2329 1074 2365 bc
1151 2301 1194 2365 gx
1212 2326 1267 2377 (ex
1287 2328 1404 2380 eras.)
1431 2342 1455 2379 y
1533 2333 1599 2370 135

71 2406 214 2442 LATcV
234 2403 350 2455 (corr.
375 2419 422 2442 m.
445 2407 478 2457 2)
503 2407 539 2443 P
627 2407 834 2443 obseur.us
859 2420 883 2456 γ
926 2380 1086 2445 obscurus
1110 2409 1131 2445 b
1230 2410 1269 2445 in
1299 2410 1388 2445 ulva
1410 2410 1444 2445 P
1532 2414 1600 2450 136

137 2457 158 2483 L

74 2495 204 2532 VEGA
226 2494 340 2546 (corr.
363 2509 409 2532 m.
431 2495 466 2546 2)
488 2497 524 2532 P
542 2497 635 2534 uelle
657 2503 699 2535 el
779 2492 876 2535 sorte
897 2496 926 2548 (f
942 2509 962 2534 e
988 2496 1103 2549 corr.)
1127 2512 1150 2535 a
1172 2499 1289 2535 fortae
1313 2512 1336 2546 y
1412 2500 1599 2536 DlDissent

74 2552 112 2588 P
171 2553 318 2593 darent,
341 2553 371 2588 si
393 2554 488 2590 sorte
509 2554 542 2589 d.
562 2559 691 2590 tuetur
712 2555 940 2602 Waynerus.
955 2556 1092 2592 ‘darent
1107 2557 1138 2591 si
1155 2556 1263 2599 sorte,
1285 2556 1472 2592 dedissent
1492 2556 1598 2604 Hey-

73 2610 161 2645 nius
181 2614 217 2645 et
239 2609 540 2656 Peerlkampus‚
573 2612 642 2646 sed
661 2612 723 2647 ille
743 2615 786 2647 ut
805 2613 912 2648 malit
932 2613 1068 2648 omisso
1089 2612 1325 2648 hemisticleio
1349 2613 1380 2648 si
1402 2613 1427 2648 s.
1456 2613 1491 2649 d.
1517 2624 1600 2649 ver-

72 2676 155 2702 sum
183 2665 441 2712 inperfectum
462 2667 701 2713 relinquere.
732 2668 762 2703 si
786 2667 882 2704 sorte
902 2668 936 2703 d.
962 2670 1158 2715 coniunqit
1180 2668 1338 2704 Servius
1417 2673 1480 2709 137
1506 2669 1600 2706 SPes

72 2723 153 2758 ulla
170 2723 322 2758 videndi
341 2721 377 2757 P
456 2723 473 2758 Γ
496 2723 560 2770 pel
577 2720 608 2771 (Γ
617 2734 683 2768 pr.
705 2733 724 2759 e
745 2721 862 2773 corr.)
895 2736 918 2759 a
1010 2729 1076 2762 138
1104 2724 1305 2760 DVPLICIS
1338 2725 1375 2760 P
1405 2726 1550 2763 «luteis
1573 2725 1598 2776 (l

72 2781 111 2814 in
131 2778 224 2828 ras.)
243 2791 267 2814 a
297 2779 470 2825 ‘quidam
497 2789 591 2815 sane
618 2790 693 2815 non
724 2780 869 2821 dulces,
911 2781 981 2816 sed
1007 2780 1170 2829 duplices
1190 2782 1382 2828 leym-unt,
1408 2784 1499 2829 quia
1518 2783 1599 2819 dul-

73 2846 133 2871 ces
153 2836 231 2870 leve
250 2840 348 2871 esset
362 2839 398 2871 et
416 2845 612 2871 commune
634 2837 825 2882 epitheton
844 2837 1071 2873 liberorum’
1094 2837 1262 2874 Servius.
1280 2838 1430 2876 DULCIS
1442 2838 1597 2887 Myb2c:

73 2890 126 2937 cf.
149 2890 193 2926 IV
210 2895 256 2931 33
274 2890 398 2927 dulces
414 2892 457 2929 bl
537 2892 742 2929 PArentem
764 2894 800 2929 P
