1910 3172
732 210 906 239 vannum
925 208 1074 236 Aanms
1096 208 1139 235 v1
1614 190 1696 231 315

292 313 469 355 aemulus
499 316 707 363 exceptum
737 310 896 356 Triton,
928 310 960 348 si
990 307 1154 348 credere
1183 307 1346 358 dignum
1376 311 1453 352 est,

293 390 393 428 inter
424 400 516 426 saxa
544 386 671 425 virum
699 396 885 436 spumosa
915 384 1152 422 inmerserat
1184 381 1302 421 unda.

295 473 390 512 ergo
421 471 556 500 omnes
585 469 727 510 magno
759 458 908 497 circum
938 455 1111 496 clamore
1142 454 1380 500 fremebant,
1620 452 1697 491 175

297 535 508 587 praecipue
538 534 626 586 pius
656 532 818 572 Aeneas.
878 535 963 570 tum
993 530 1096 569 iussa
1126 528 1314 582 Sibyllae,

297 610 391 649 haut
421 619 550 652 mora,
583 606 766 652 festinant
795 604 935 645 flentes
965 615 1152 655 aramque
1183 602 1394 655 sepulchro

296 693 510 733 congerere
540 679 750 720 arboribus
780 677 968 730 caeloque
994 677 1164 717 educere
1192 680 1355 716 certant.

296 757 374 795 itur
405 757 442 794 in
472 755 670 806 antiquam
701 752 856 798 silvam,
887 751 1037 791 stabula
1065 751 1140 790 alta
1170 751 1363 796 ferarum,

298 828 562 881 procumbunt
590 827 746 879 piceae,
778 830 890 866 sonat
919 826 995 883 icta
1025 824 1230 865 securibus
1258 823 1335 863 ilex
1620 819 1698 861 180

295 903 569 953 fraxineaeque
599 900 732 940 trabes
759 900 895 940 cuneis
925 903 963 939 et
986 898 1105 955 fissile
1131 897 1256 938 robur

296 975 507 1020 scinditur,
534 973 740 1014 advolvont
768 974 936 1025 ingentis
965 959 1164 1012 inentibus
1193 983 1324 1010 ornos.

294 1061 366 1088 nec
395 1060 475 1087 non
499 1048 650 1088 Aeneas
678 1059 797 1098 opera
824 1047 927 1086 inter
950 1045 1039 1085 talia
1068 1045 1218 1097 primus

293 1122 472 1161 hortatur
497 1122 623 1161 socios
654 1120 893 1173 paribusque
924 1120 1142 1171 accingitur
1171 1119 1303 1158 armis.

294 1200 410 1247 atque
439 1195 537 1235 haec
565 1196 648 1247 ipse
675 1206 746 1234 suo
775 1194 876 1234 tristi
908 1206 997 1234 cum
1027 1193 1147 1233 corde
1176 1192 1342 1239 volutat,
1621 1189 1698 1231 185

181 1367 452 1395 TESTIMONIA-

274 1410 338 1444 173
361 1421 415 1453 sq.
439 1410 578 1443 Nonius
602 1410 679 1450 437,
708 1410 727 1441 7
823 1409 887 1443 173
919 1408 1102 1442 ‘aemulus
1129 1419 1159 1441 e.
1186 1407 1249 1441 T.'
1282 1408 1420 1441 Nonius
1444 1407 1522 1449 238,
1549 1407 1592 1441 33
1617 1408 1701 1440 Ser-

181 1457 263 1488 vius
287 1456 377 1488 Aen.
403 1457 460 1488 III
485 1454 550 1488 332
575 1456 623 1487 IV
655 1455 715 1487 114
740 1455 788 1487 cf.
815 1456 866 1487 IV
890 1454 934 1486 70
959 1454 1133 1497 (excipit
1158 1455 1346 1486 incautum
1371 1452 1454 1496 T.')
1527 1453 1592 1485 174
1617 1454 1699 1486 Ser·

182 1502 264 1533 vius
294 1502 384 1534 Aen.
417 1501 449 1533 V
477 1499 545 1532 814
638 1499 816 1533 176-178
849 1499 1035 1542 ‘Sibyllae
1071 1524 1080 1532 .
1099 1523 1107 1531 .
1128 1524 1135 1531 .
1171 1499 1294 1532 caelo'
1319 1499 1437 1541 Asper
1464 1498 1538 1540 115,
1569 1499 1610 1530 14

185 1545 248 1578 176
272 1557 325 1588 sq.
353 1546 447 1578 ‘tum
473 1569 482 1578 .
500 1570 508 1577 .
530 1570 537 1578 .
565 1545 764 1586 festinaut’
791 1546 939 1578 Servius
963 1546 1054 1577 Aen.
1080 1545 1131 1577 IV
1154 1544 1221 1577 575
1316 1544 1378 1576 177
1403 1555 1457 1587 sq.
1485 1544 1606 1577 ‘aram
1631 1569 1640 1576 .
1659 1568 1669 1576 .
1688 1568 1697 1577 .

186 1589 349 1624 certant'
374 1591 513 1623 Nonius
537 1589 620 1630 298,
651 1591 691 1622 14
808 1589 872 1622 178
905 1590 1101 1632 ‘caeloque
1127 1600 1158 1622 e.
1186 1588 1238 1622 c.’
1270 1589 1417 1623 Servius
1441 1589 1532 1622 Aen.
1557 1590 1610 1622 IV
1633 1588 1701 1622 685

274 1635 450 1669 179-182
480 1636 692 1668 Macrobius
717 1635 795 1668 Sat.
820 1636 872 1668 VI
895 1636 928 1674 2,
953 1635 996 1667 27
1028 1636 1147 1677 Asper
1173 1634 1247 1675 114,
1274 1635 1295 1666 2
1319 1635 1363 1667 K.
1484 1634 1546 1666 179
1572 1634 1700 1667 Chari—

183 1681 258 1714 sius
283 1681 304 1714 3
329 1682 370 1714 Ρ.
481 1681 577 1712 ‘itur
601 1682 639 1713 in
665 1691 698 1713 a.
723 1680 772 1713 s.’
799 1680 1050 1721 Quintilianus
1074 1681 1093 1712 1
1116 1680 1148 1721 4,
1175 1679 1219 1712 28
1245 1679 1435 1713 Charisius
1460 1680 1527 1712 224
1551 1681 1698 1713 Diome-

182 1726 246 1758 des
270 1725 337 1760 393
361 1728 402 1759 Ρ.
428 1726 566 1758 Donati
592 1736 651 1758 ars
674 1727 712 1758 ΙΙ
740 1725 790 1767 16,
817 1726 837 1758 5
870 1736 979 1759 anon.
1011 1726 1056 1758 de
1087 1725 1199 1758 verbo
1224 1724 1268 1757 35
1298 1737 1334 1768 p.
1363 1725 1428 1758 165
1459 1725 1566 1758 Endl.
1592 1727 1698 1758 Pom-

180 1772 285 1815 peius
312 1771 353 1804 15
376 1772 420 1805 L.
514 1771 629 1804 ‘eitur
659 1771 697 1803 in
728 1770 878 1805 silvam'
910 1771 1156 1803 Terentianus
1188 1771 1337 1803 Maurus
1362 1770 1425 1803 461
1523 1769 1700 1803 180-182

178 1816 293 1849 Iulius
325 1816 540 1893 Rufiniagndls
572 1815 639 1849 229
663 1817 706 1850 R.
824 1815 888 1848 180
912 1816 1061 1849 Servius
1085 1816 1175 1848 Aen.
1201 1816 1252 1848 IV
1275 1815 1342 1848 507
1452 1815 1515 1849 183
1539 1827 1592 1859 sq.
1618 1816 1699 1849 Ser—

179 1863 260 1895 vius
283 1862 374 1895 Aen.
400 1862 419 1894 1
445 1861 461 1894 l

181 2022 310 2050 VARIA
329 2021 496 2049 LECTIO.

297 2092 364 2130 173
381 2090 435 2137 cs.
458 2069 516 2138 ῥα.
538 2090 581 2126 111
605 2094 671 2168 391
750 2091 798 2126 ric
817 2097 857 2129 οι
942 2090 1393 2130 1741MMERSERATMR
1475 2094 1539 2132 176
1561 2091 1701 2129 811111,-

182 2180 265 2217 LAE
288 2180 331 2228 (Y
361 2182 399 2217 in
430 2180 524 2227 ras.)
555 2181 590 2217 P
628 2180 851 2217 SYBYLLAE
876 2181 903 2228 (1
926 2192 1011 2228 sup.
1033 2186 1069 2219 et
1088 2182 1117 2218 Y
1130 2186 1232 2228 post.
1255 2183 1358 2259 rzmi
1375 2184 1488 2220 minio
1506 2181 1562 2233 p.)
1585 2183 1631 2219 M
1647 2185 1701 2233 ry-

181 2270 299 2319 byllae
320 2283 344 2320 γ
424 2274 486 2310 177
509 2271 625 2306 HAVD
636 2270 713 2308 Pbc
786 2270 1028 2320 FESTINENT
1047 2272 1082 2308 R
1160 2271 1291 2308 ARMA
1329 2272 1376 2308 M
1447 2273 1700 2312 SEPVLCHRO

181 2350 239 2398 Py
268 2349 445 2398 sepulchri
468 2349 492 2396 (i
511 2362 557 2386 m.
581 2355 602 2388 2
625 2350 663 2386 in
688 2349 782 2397 ras.)
805 2351 825 2387 b
846 2335 1086 2388 SEPULCfIRI
1110 2351 1156 2387 M
1173 2351 1412 2389 SEPVLCHRI
1432 2353 1501 2393 Rc,
1521 2353 1647 2390 Servii
1665 2358 1701 2390 et

183 2406 298 2442 Nonii
315 2407 479 2453 exempl.
559 2407 731 2443 ‘Probus
758 2412 882 2443 tamen
910 2412 946 2443 ee
966 2407 1142 2444 Donatus
1168 2410 1214 2445 de
1233 2409 1304 2445 hoc
1325 2410 1405 2445 loco
1427 2411 1701 2467 requirendum

186 2495 314 2532 adhuc
336 2506 417 2532 esse
439 2497 641 2533 dixerunt'
665 2497 822 2534 Servius
901 2501 968 2537 178
989 2477 1078 2535 caeloi
1101 2495 1214 2549 (corr.
1235 2511 1284 2536 m.
1303 2497 1394 2549 ant.)
1420 2511 1441 2537 c
1507 2461 1702 2538 EDVCERE

183 2552 220 2588 P
296 2555 358 2591 179
387 2552 501 2597 ‘citur
528 2553 562 2588 in
588 2552 712 2589 silvam
733 2563 887 2590 necesse
906 2559 963 2590 est
983 2566 1001 2591 e
1025 2560 1060 2591 ec
1082 2555 1091 2591 i
1114 2561 1312 2592 conectere
1335 2571 1343 2592 :
1358 2558 1576 2603 principali
1596 2569 1702 2594 nam-

183 2618 255 2656 que
276 2609 387 2645 verbo
408 2610 600 2653 nascitur,
628 2611 730 2656 quod
749 2614 804 2646 est
825 2610 887 2646 eo’
913 2611 1166 2648 Terentianus
1191 2612 1368 2649 Maurus.
1412 2613 1523 2654 Ἴων,
1549 2614 1558 2649 i
1589 2615 1701 2662 Ionya

129 2688 131 2691 -
181 2665 374 2701 invenitur
500 2666 609 2702 multi
643 2671 768 2702 tamen
799 2670 946 2704 tentant
977 2669 1146 2705 dicentes
1182 2669 1256 2705 itur
1287 2674 1450 2716 propter
1479 2681 1523 2706 eo
1623 2682 1701 2718 per

182 2721 442 2768 diphthonqon
465 2722 582 2758 scribi
599 2722 754 2766 debere,
794 2725 896 2770 quod
920 2735 996 2761 non
1012 2726 1205 2772 procedit'
1230 2736 1261 2761 e.
1285 2738 1319 2772 q.
1341 2737 1371 2762 s.
1396 2726 1553 2763 Servius
1572 2716 1581 2732 ¹
1632 2731 1701 2767 180

184 2778 255 2814 icta
278 2789 325 2812 m.
348 2781 370 2814 2
391 2778 427 2813 in
450 2789 529 2814 ras.
551 2779 571 2814 b
600 2778 696 2815 hicta
714 2791 739 2828 γ
823 2779 950 2817 lLLEX
965 2781 1001 2817 P
1094 2786 1157 2822 181
1181 2781 1294 2818 robor
1316 2794 1337 2819 c
1399 2781 1402 2783 ’
1424 2787 1488 2821 182
1509 2783 1700 2822 Scenditur

182 2838 226 2882 γι
305 2833 566 2870 ADVOLVVNT
587 2833 736 2884 MRybc
812 2836 980 2885 ingentes
994 2850 1017 2887 γ
1094 2843 1157 2878 185
1180 2838 1343 2876 uolutat.
1367 2838 1396 2887 (t
1410 2843 1512 2887 post.
1533 2851 1554 2877 e
1572 2852 1699 2879 συντ..-

184 2887 235 2936 cf·
258 2889 337 2937 15⁷)
360 2902 383 2939 γ
