<?xml version="1.0" encoding="UTF-8"?>
<!DOCTYPE html PUBLIC "-//W3C//DTD XHTML 1.0 Transitional//EN"
    "http://www.w3.org/TR/xhtml1/DTD/xhtml1-transitional.dtd">
<html xmlns="http://www.w3.org/1999/xhtml" xml:lang="en" lang="en">
 <head>
  <title>
</title>
<meta http-equiv="Content-Type" content="text/html;charset=utf-8" />
  <meta name='ocr-system' content='tesseract 3.04.00' />
  <meta name='ocr-capabilities' content='ocr_page ocr_carea ocr_par ocr_line ocrx_word'/>
</head>
<body>
  <div class='ocr_page' id='page_1' title='image "./operavirg02virguoft/operavirg02virguoft_0295.png"; bbox 0 0 1910 3172; ppageno 0'>
   <div class='ocr_carea' id='block_1_1' title="bbox 689 223 1643 269">
    <p class='ocr_par' dir='ltr' id='par_1_1' title="bbox 689 223 1643 269">
     <span class='ocr_line' id='line_1_1' title="bbox 689 223 1643 269; baseline -0.006 0"><span class='ocrx_word' id='word_1_1' title='bbox 689 242 861 269; x_wconf 68' lang='lat' dir='ltr'><strong>ventum</strong></span> <span class='ocrx_word' id='word_1_2' title='bbox 884 240 1032 269; x_wconf 64' lang='lat' dir='ltr'><strong>Annms</strong></span> <span class='ocrx_word' id='word_1_3' title='bbox 1053 241 1078 267; x_wconf 94' lang='lat' dir='ltr'>v</span> <span class='ocrx_word' id='word_1_4' title='bbox 1562 223 1643 264; x_wconf 81' lang='lat'><strong>287</strong></span> 
     </span>
    </p>
   </div>
   <div class='ocr_carea' id='block_1_2' title="bbox 184 340 1642 1568">
    <p class='ocr_par' dir='ltr' id='par_1_2' title="bbox 184 340 1642 1568">
     <span class='ocr_line' id='line_1_2' title="bbox 238 340 1309 394; baseline -0.005 -12"><span class='ocrx_word' id='word_1_5' title='bbox 238 356 261 381; x_wconf 92' lang='lat' dir='ltr'><strong>o</strong></span> <span class='ocrx_word' id='word_1_6' title='bbox 294 344 416 394; x_wconf 87' lang='lat' dir='ltr'><strong>patria</strong></span> <span class='ocrx_word' id='word_1_7' title='bbox 443 348 480 382; x_wconf 88' lang='lat' dir='ltr'><strong>et</strong></span> <span class='ocrx_word' id='word_1_8' title='bbox 511 343 611 394; x_wconf 82' lang='lat' dir='ltr'><strong>rapti</strong></span> <span class='ocrx_word' id='word_1_9' title='bbox 641 342 878 394; x_wconf 81' lang='lat' dir='ltr'><strong>nequiquam</strong></span> <span class='ocrx_word' id='word_1_10' title='bbox 905 354 951 380; x_wconf 84' lang='lat' dir='ltr'><strong>ex</strong></span> <span class='ocrx_word' id='word_1_11' title='bbox 984 340 1096 380; x_wconf 88' lang='lat' dir='ltr'><strong>hoste</strong></span> <span class='ocrx_word' id='word_1_12' title='bbox 1125 343 1309 392; x_wconf 82' lang='lat' dir='ltr'><strong>penates,</strong></span> 
     </span>
     <span class='ocr_line' id='line_1_3' title="bbox 238 413 1294 474; baseline -0.002 -20"><span class='ocrx_word' id='word_1_13' title='bbox 238 415 394 455; x_wconf 87' lang='lat' dir='ltr'><strong>nullane</strong></span> <span class='ocrx_word' id='word_1_14' title='bbox 418 417 492 455; x_wconf 90' lang='lat' dir='ltr'><strong>iam</strong></span> <span class='ocrx_word' id='word_1_15' title='bbox 521 415 661 474; x_wconf 77' lang='lat' dir='ltr'><strong>Troiae</strong></span> <span class='ocrx_word' id='word_1_16' title='bbox 688 415 867 455; x_wconf 86' lang='lat' dir='ltr'><strong>dicentur</strong></span> <span class='ocrx_word' id='word_1_17' title='bbox 895 413 1075 454; x_wconf 72' lang='lat' dir='ltr'><strong>moenia?</strong></span> <span class='ocrx_word' id='word_1_18' title='bbox 1101 425 1294 464; x_wconf 83' lang='lat' dir='ltr'>nusquam</span> 
     </span>
     <span class='ocr_line' id='line_1_4' title="bbox 238 485 1327 548; baseline -0.004 -20"><span class='ocrx_word' id='word_1_19' title='bbox 238 489 452 529; x_wconf 81' lang='lat' dir='ltr'><strong>Hectoreos</strong></span> <span class='ocrx_word' id='word_1_20' title='bbox 483 490 608 548; x_wconf 31' lang='lat' dir='ltr'><strong>amxnis</strong></span> <span class='ocrx_word' id='word_1_21' title='bbox 639 489 838 529; x_wconf 82' lang='lat' dir='ltr'><strong>Xanthum</strong></span> <span class='ocrx_word' id='word_1_22' title='bbox 869 492 907 528; x_wconf 86' lang='lat' dir='ltr'><strong>et</strong></span> <span class='ocrx_word' id='word_1_23' title='bbox 935 487 1132 528; x_wconf 81' lang='lat' dir='ltr'><strong>Simoenta</strong></span> <span class='ocrx_word' id='word_1_24' title='bbox 1163 485 1327 526; x_wconf 79' lang='lat' dir='ltr'><strong>videbo?</strong></span> 
     </span>
     <span class='ocr_line' id='line_1_5' title="bbox 238 559 1642 614; baseline -0.003 -13"><span class='ocrx_word' id='word_1_25' title='bbox 238 563 330 614; x_wconf 87' lang='lat' dir='ltr'><strong>quin</strong></span> <span class='ocrx_word' id='word_1_26' title='bbox 360 564 461 614; x_wconf 85' lang='lat' dir='ltr'><strong>agite</strong></span> <span class='ocrx_word' id='word_1_27' title='bbox 492 567 531 603; x_wconf 87' lang='lat' dir='ltr'><strong>et</strong></span> <span class='ocrx_word' id='word_1_28' title='bbox 559 575 713 603; x_wconf 89' lang='lat' dir='ltr'><strong>mecum</strong></span> <span class='ocrx_word' id='word_1_29' title='bbox 743 562 931 602; x_wconf 86' lang='lat' dir='ltr'><strong>infaustas</strong></span> <span class='ocrx_word' id='word_1_30' title='bbox 960 561 1111 601; x_wconf 82' lang='lat' dir='ltr'><strong>exurite</strong></span> <span class='ocrx_word' id='word_1_31' title='bbox 1140 560 1295 611; x_wconf 87' lang='lat' dir='ltr'><strong>puppis.</strong></span> <span class='ocrx_word' id='word_1_32' title='bbox 1561 559 1642 598; x_wconf 77' lang='lat'><strong>635</strong></span> 
     </span>
     <span class='ocr_line' id='line_1_6' title="bbox 236 635 1306 688; baseline -0.003 -14"><span class='ocrx_word' id='word_1_33' title='bbox 236 648 325 675; x_wconf 90' lang='lat' dir='ltr'><strong>nam</strong></span> <span class='ocrx_word' id='word_1_34' title='bbox 356 636 451 675; x_wconf 87' lang='lat' dir='ltr'><strong>mihi</strong></span> <span class='ocrx_word' id='word_1_35' title='bbox 483 636 722 676; x_wconf 77' lang='lat' dir='ltr'><strong>Cassandrae</strong></span> <span class='ocrx_word' id='word_1_36' title='bbox 745 647 818 688; x_wconf 85' lang='lat' dir='ltr'><strong>per</strong></span> <span class='ocrx_word' id='word_1_37' title='bbox 847 647 1028 674; x_wconf 87' lang='lat' dir='ltr'><strong>somnum</strong></span> <span class='ocrx_word' id='word_1_38' title='bbox 1056 635 1151 673; x_wconf 87' lang='lat' dir='ltr'><strong>vatis</strong></span> <span class='ocrx_word' id='word_1_39' title='bbox 1178 635 1306 684; x_wconf 87' lang='lat' dir='ltr'><strong>imago</strong></span> 
     </span>
     <span class='ocr_line' id='line_1_7' title="bbox 184 707 1330 760; baseline -0.003 -12"><span class='ocrx_word' id='word_1_40' title='bbox 184 748 187 749; x_wconf 13' lang='grc' dir='ltr'><em>γ</em></span> <span class='ocrx_word' id='word_1_41' title='bbox 236 709 408 748; x_wconf 80' lang='lat' dir='ltr'><strong>ardentis</strong></span> <span class='ocrx_word' id='word_1_42' title='bbox 434 709 528 750; x_wconf 87' lang='lat' dir='ltr'><strong>dare</strong></span> <span class='ocrx_word' id='word_1_43' title='bbox 555 710 634 749; x_wconf 89' lang='lat' dir='ltr'><strong>visa</strong></span> <span class='ocrx_word' id='word_1_44' title='bbox 662 709 788 749; x_wconf 87' lang='lat' dir='ltr'><strong>faces:</strong></span> <span class='ocrx_word' id='word_1_45' title='bbox 820 709 916 749; x_wconf 85' lang='lat' dir='ltr'><strong>“hic</strong></span> <span class='ocrx_word' id='word_1_46' title='bbox 947 709 1121 760; x_wconf 81' lang='lat' dir='ltr'><strong>quaerite</strong></span> <span class='ocrx_word' id='word_1_47' title='bbox 1151 707 1330 752; x_wconf 81' lang='lat' dir='ltr'><strong>Troiam,</strong></span> 
     </span>
     <span class='ocr_line' id='line_1_8' title="bbox 235 781 1473 834; baseline -0.002 -13"><span class='ocrx_word' id='word_1_48' title='bbox 235 782 299 821; x_wconf 91' lang='lat' dir='ltr'><strong>hic</strong></span> <span class='ocrx_word' id='word_1_49' title='bbox 326 782 465 824; x_wconf 88' lang='lat' dir='ltr'><strong>domus</strong></span> <span class='ocrx_word' id='word_1_50' title='bbox 494 781 580 823; x_wconf 89' lang='lat' dir='ltr'><strong>est&#39;’</strong></span> <span class='ocrx_word' id='word_1_51' title='bbox 612 783 738 834; x_wconf 90' lang='lat' dir='ltr'><strong>inquit</strong></span> <span class='ocrx_word' id='word_1_52' title='bbox 764 781 948 822; x_wconf 83' lang='lat' dir='ltr'><strong>“vobis&#39;&#39;.</strong></span> <span class='ocrx_word' id='word_1_53' title='bbox 1009 783 1085 821; x_wconf 90' lang='lat' dir='ltr'><strong>iam</strong></span> <span class='ocrx_word' id='word_1_54' title='bbox 1115 786 1270 831; x_wconf 85' lang='lat' dir='ltr'><strong>tempus</strong></span> <span class='ocrx_word' id='word_1_55' title='bbox 1297 781 1358 830; x_wconf 85' lang='lat' dir='ltr'><strong>agi</strong></span> <span class='ocrx_word' id='word_1_56' title='bbox 1387 791 1473 825; x_wconf 88' lang='lat' dir='ltr'><strong>res,</strong></span> 
     </span>
     <span class='ocr_line' id='line_1_9' title="bbox 235 856 1316 908; baseline -0.001 -14"><span class='ocrx_word' id='word_1_57' title='bbox 235 868 307 895; x_wconf 89' lang='lat' dir='ltr'><strong>nec</strong></span> <span class='ocrx_word' id='word_1_58' title='bbox 336 857 452 895; x_wconf 85' lang='lat' dir='ltr'><strong>tantis</strong></span> <span class='ocrx_word' id='word_1_59' title='bbox 482 869 592 896; x_wconf 90' lang='lat' dir='ltr'><strong>mora</strong></span> <span class='ocrx_word' id='word_1_60' title='bbox 624 856 824 908; x_wconf 85' lang='lat' dir='ltr'><strong>prodigiis.</strong></span> <span class='ocrx_word' id='word_1_61' title='bbox 885 868 935 896; x_wconf 87' lang='lat' dir='ltr'><strong>en</strong></span> <span class='ocrx_word' id='word_1_62' title='bbox 964 859 1149 907; x_wconf 90' lang='lat' dir='ltr'><strong>quattuor</strong></span> <span class='ocrx_word' id='word_1_63' title='bbox 1177 866 1269 894; x_wconf 87' lang='lat' dir='ltr'><strong>arae</strong></span> <span class='ocrx_word' id='word_1_64' title='bbox 1300 893 1316 906; x_wconf 67' lang='lat'>‚</span> 
     </span>
     <span class='ocr_line' id='line_1_10' title="bbox 234 925 1642 982; baseline -0.001 -14"><span class='ocrx_word' id='word_1_65' title='bbox 234 929 435 980; x_wconf 87' lang='lat' dir='ltr'><strong>Neptuno;</strong></span> <span class='ocrx_word' id='word_1_66' title='bbox 467 930 563 970; x_wconf 89' lang='lat' dir='ltr'><strong>deus</strong></span> <span class='ocrx_word' id='word_1_67' title='bbox 591 930 675 982; x_wconf 85' lang='lat' dir='ltr'><strong>ipse</strong></span> <span class='ocrx_word' id='word_1_68' title='bbox 699 929 804 973; x_wconf 87' lang='lat' dir='ltr'><strong>faces</strong></span> <span class='ocrx_word' id='word_1_69' title='bbox 834 930 1083 980; x_wconf 86' lang='lat' dir='ltr'><strong>animamque</strong></span> <span class='ocrx_word' id='word_1_70' title='bbox 1108 925 1333 966; x_wconf 52' lang='lat' dir='ltr'><strong>ministrat)</strong></span> <span class='ocrx_word' id='word_1_71' title='bbox 1560 927 1642 966; x_wconf 81' lang='grc'><strong>640</strong></span> 
     </span>
     <span class='ocr_line' id='line_1_11' title="bbox 235 1001 1455 1055; baseline -0.002 -15"><span class='ocrx_word' id='word_1_72' title='bbox 235 1002 332 1041; x_wconf 88' lang='lat' dir='ltr'><strong>haec</strong></span> <span class='ocrx_word' id='word_1_73' title='bbox 362 1015 587 1043; x_wconf 86' lang='lat' dir='ltr'><strong>memorans</strong></span> <span class='ocrx_word' id='word_1_74' title='bbox 613 1004 739 1055; x_wconf 86' lang='lat' dir='ltr'><strong>prima</strong></span> <span class='ocrx_word' id='word_1_75' title='bbox 769 1002 967 1042; x_wconf 81' lang='lat' dir='ltr'><strong>infensum</strong></span> <span class='ocrx_word' id='word_1_76' title='bbox 996 1003 1033 1041; x_wconf 85' lang='lat' dir='ltr'><strong>vi</strong></span> <span class='ocrx_word' id='word_1_77' title='bbox 1062 1002 1225 1052; x_wconf 82' lang='lat' dir='ltr'><strong>corripit</strong></span> <span class='ocrx_word' id='word_1_78' title='bbox 1251 1001 1383 1051; x_wconf 87' lang='lat' dir='ltr'><strong>ignem</strong></span> <span class='ocrx_word' id='word_1_79' title='bbox 1451 1045 1455 1047; x_wconf 27' lang='lat'>¹</span> 
     </span>
     <span class='ocr_line' id='line_1_12' title="bbox 233 1075 1170 1127; baseline 0 -14"><span class='ocrx_word' id='word_1_80' title='bbox 233 1075 462 1127; x_wconf 85' lang='lat' dir='ltr'><strong>sublataque</strong></span> <span class='ocrx_word' id='word_1_81' title='bbox 492 1076 631 1127; x_wconf 90' lang='lat' dir='ltr'><strong>procul</strong></span> <span class='ocrx_word' id='word_1_82' title='bbox 658 1076 794 1116; x_wconf 85' lang='lat' dir='ltr'><strong>dextra</strong></span> <span class='ocrx_word' id='word_1_83' title='bbox 821 1077 958 1115; x_wconf 85' lang='lat' dir='ltr'><strong>conixa</strong></span> <span class='ocrx_word' id='word_1_84' title='bbox 988 1078 1170 1114; x_wconf 81' lang='lat' dir='ltr'><strong>coruscat</strong></span> 
     </span>
     <span class='ocr_line' id='line_1_13' title="bbox 233 1147 1290 1201; baseline -0.001 -14"><span class='ocrx_word' id='word_1_85' title='bbox 233 1153 270 1187; x_wconf 87' lang='lat' dir='ltr'><strong>et</strong></span> <span class='ocrx_word' id='word_1_86' title='bbox 301 1149 401 1189; x_wconf 86' lang='lat' dir='ltr'><strong>iacit.</strong></span> <span class='ocrx_word' id='word_1_87' title='bbox 463 1154 640 1189; x_wconf 88' lang='lat' dir='ltr'><strong>arrectae</strong></span> <span class='ocrx_word' id='word_1_88' title='bbox 669 1153 821 1189; x_wconf 89' lang='lat' dir='ltr'><strong>mentes</strong></span> <span class='ocrx_word' id='word_1_89' title='bbox 850 1149 1146 1201; x_wconf 85' lang='lat' dir='ltr'><strong>stupefactaque</strong></span> <span class='ocrx_word' id='word_1_90' title='bbox 1172 1147 1290 1187; x_wconf 88' lang='lat' dir='ltr'><strong>corda</strong></span> 
     </span>
     <span class='ocr_line' id='line_1_14' title="bbox 232 1221 1342 1273; baseline -0.001 -12"><span class='ocrx_word' id='word_1_91' title='bbox 232 1221 408 1262; x_wconf 85' lang='lat' dir='ltr'><strong>Iliadum.</strong></span> <span class='ocrx_word' id='word_1_92' title='bbox 467 1223 531 1263; x_wconf 91' lang='lat' dir='ltr'><strong>hic</strong></span> <span class='ocrx_word' id='word_1_93' title='bbox 556 1235 633 1262; x_wconf 92' lang='lat' dir='ltr'><strong>una</strong></span> <span class='ocrx_word' id='word_1_94' title='bbox 664 1236 686 1262; x_wconf 92' lang='lat' dir='ltr'><strong>e</strong></span> <span class='ocrx_word' id='word_1_95' title='bbox 712 1222 864 1268; x_wconf 87' lang='lat' dir='ltr'><strong>multis,</strong></span> <span class='ocrx_word' id='word_1_96' title='bbox 896 1234 998 1273; x_wconf 89' lang='lat' dir='ltr'><strong>quae</strong></span> <span class='ocrx_word' id='word_1_97' title='bbox 1030 1222 1198 1261; x_wconf 77' lang='lat' dir='ltr'><strong>maxima</strong></span> <span class='ocrx_word' id='word_1_98' title='bbox 1229 1226 1342 1267; x_wconf 85' lang='lat' dir='ltr'><strong>natu,</strong></span> 
     </span>
     <span class='ocr_line' id='line_1_15' title="bbox 233 1280 1639 1347; baseline -0.001 -13"><span class='ocrx_word' id='word_1_99' title='bbox 233 1295 382 1347; x_wconf 84' lang='lat' dir='ltr'><strong>Pyrgo,</strong></span> <span class='ocrx_word' id='word_1_100' title='bbox 414 1300 471 1335; x_wconf 88' lang='lat' dir='ltr'><strong>tot</strong></span> <span class='ocrx_word' id='word_1_101' title='bbox 498 1296 643 1336; x_wconf 84' lang='lat' dir='ltr'><strong>Priami</strong></span> <span class='ocrx_word' id='word_1_102' title='bbox 671 1280 854 1336; x_wconf 80' lang='lat' dir='ltr'><strong>natorum</strong></span> <span class='ocrx_word' id='word_1_103' title='bbox 888 1297 994 1347; x_wconf 87' lang='lat' dir='ltr'><strong>regia</strong></span> <span class='ocrx_word' id='word_1_104' title='bbox 1024 1296 1176 1335; x_wconf 86' lang='lat' dir='ltr'><strong>nutrix:</strong></span> <span class='ocrx_word' id='word_1_105' title='bbox 1559 1295 1639 1333; x_wconf 70' lang='lat'><strong>(545</strong></span> 
     </span>
     <span class='ocr_line' id='line_1_16' title="bbox 234 1369 1312 1416; baseline 0 -9"><span class='ocrx_word' id='word_1_106' title='bbox 234 1374 334 1408; x_wconf 89' lang='lat' dir='ltr'><strong>‘nou</strong></span> <span class='ocrx_word' id='word_1_107' title='bbox 358 1370 485 1410; x_wconf 87' lang='lat' dir='ltr'><strong>Beroe</strong></span> <span class='ocrx_word' id='word_1_108' title='bbox 516 1369 642 1416; x_wconf 87' lang='lat' dir='ltr'><strong>vobis,</strong></span> <span class='ocrx_word' id='word_1_109' title='bbox 674 1381 752 1409; x_wconf 90' lang='lat' dir='ltr'><strong>non</strong></span> <span class='ocrx_word' id='word_1_110' title='bbox 782 1369 881 1409; x_wconf 89' lang='lat' dir='ltr'><strong>haec</strong></span> <span class='ocrx_word' id='word_1_111' title='bbox 910 1369 1116 1414; x_wconf 90' lang='lat' dir='ltr'><strong>Rhoeteia,</strong></span> <span class='ocrx_word' id='word_1_112' title='bbox 1147 1373 1312 1414; x_wconf 88' lang='lat' dir='ltr'><strong>matres,</strong></span> 
     </span>
     <span class='ocr_line' id='line_1_17' title="bbox 235 1442 1158 1495; baseline 0.001 -14"><span class='ocrx_word' id='word_1_113' title='bbox 235 1447 292 1481; x_wconf 88' lang='lat' dir='ltr'><strong>est</strong></span> <span class='ocrx_word' id='word_1_114' title='bbox 315 1442 470 1495; x_wconf 82' lang='lat' dir='ltr'><strong>Dorycli</strong></span> <span class='ocrx_word' id='word_1_115' title='bbox 500 1444 687 1483; x_wconf 82' lang='lat' dir='ltr'><strong>coniunx:</strong></span> <span class='ocrx_word' id='word_1_116' title='bbox 721 1443 838 1482; x_wconf 83' lang='lat' dir='ltr'><strong>divini</strong></span> <span class='ocrx_word' id='word_1_117' title='bbox 867 1444 976 1494; x_wconf 85' lang='lat' dir='ltr'><strong>signa</strong></span> <span class='ocrx_word' id='word_1_118' title='bbox 1004 1442 1158 1491; x_wconf 86' lang='lat' dir='ltr'><strong>decoris</strong></span> 
     </span>
     <span class='ocr_line' id='line_1_18' title="bbox 235 1515 1217 1568; baseline 0.001 -14"><span class='ocrx_word' id='word_1_119' title='bbox 235 1516 488 1568; x_wconf 86' lang='lat' dir='ltr'><strong>ardentisque</strong></span> <span class='ocrx_word' id='word_1_120' title='bbox 518 1521 648 1556; x_wconf 87' lang='lat' dir='ltr'><strong>notate</strong></span> <span class='ocrx_word' id='word_1_121' title='bbox 678 1516 833 1562; x_wconf 88' lang='lat' dir='ltr'><strong>oculos,</strong></span> <span class='ocrx_word' id='word_1_122' title='bbox 864 1517 930 1568; x_wconf 89' lang='lat' dir='ltr'><strong>qui</strong></span> <span class='ocrx_word' id='word_1_123' title='bbox 957 1517 1115 1567; x_wconf 86' lang='lat' dir='ltr'><strong>spiritus</strong></span> <span class='ocrx_word' id='word_1_124' title='bbox 1144 1515 1217 1562; x_wconf 86' lang='lat' dir='ltr'><strong>ilii,</strong></span> 
     </span>
    </p>
   </div>
   <div class='ocr_carea' id='block_1_3' title="bbox 120 1617 390 1624">
    <p class='ocr_par' dir='ltr' id='par_1_3' title="bbox 120 1617 390 1624">
     <span class='ocr_line' id='line_1_19' title="bbox 120 1617 390 1624; baseline 0 1548"><span class='ocrx_word' id='word_1_125' title='bbox 120 1617 390 1624; x_wconf 95' lang='lat' dir='ltr'><strong> </strong></span> 
     </span>
    </p>
   </div>
   <div class='ocr_carea' id='block_1_4' title="bbox 119 1687 389 1714">
    <p class='ocr_par' dir='ltr' id='par_1_4' title="bbox 119 1687 389 1714">
     <span class='ocr_line' id='line_1_20' title="bbox 119 1687 389 1714; baseline 0.004 -1"><span class='ocrx_word' id='word_1_126' title='bbox 119 1687 389 1714; x_wconf 77' lang='lat' dir='ltr'><strong>TESTIMONIA.</strong></span> 
     </span>
    </p>
   </div>
   <div class='ocr_carea' id='block_1_5' title="bbox 121 1751 1639 1930">
    <p class='ocr_par' dir='ltr' id='par_1_5' title="bbox 121 1751 1624 1930">
     <span class='ocr_line' id='line_1_21' title="bbox 188 1751 1598 1796; baseline 0.001 -12"><span class='ocrx_word' id='word_1_127' title='bbox 188 1751 255 1785; x_wconf 84' lang='grc'>632</span> <span class='ocrx_word' id='word_1_128' title='bbox 278 1753 488 1786; x_wconf 83' lang='lat' dir='ltr'><strong>Macrobius</strong></span> <span class='ocrx_word' id='word_1_129' title='bbox 506 1753 583 1786; x_wconf 80' lang='lat' dir='ltr'><strong>Sat</strong></span> <span class='ocrx_word' id='word_1_130' title='bbox 601 1754 651 1786; x_wconf 90' lang='lat' dir='ltr'><strong>VI</strong></span> <span class='ocrx_word' id='word_1_131' title='bbox 675 1752 707 1794; x_wconf 85' lang='lat'><strong>6,</strong></span> <span class='ocrx_word' id='word_1_132' title='bbox 738 1752 779 1785; x_wconf 90' lang='grc'><strong>16</strong></span> <span class='ocrx_word' id='word_1_133' title='bbox 854 1753 922 1786; x_wconf 86' lang='grc'><strong>635</strong></span> <span class='ocrx_word' id='word_1_134' title='bbox 939 1754 1107 1786; x_wconf 80' lang='lat' dir='ltr'><strong>Donatus</strong></span> <span class='ocrx_word' id='word_1_135' title='bbox 1135 1753 1181 1785; x_wconf 85' lang='lat' dir='ltr'><strong>ad</strong></span> <span class='ocrx_word' id='word_1_136' title='bbox 1205 1754 1289 1785; x_wconf 89' lang='lat' dir='ltr'><strong>Ter.</strong></span> <span class='ocrx_word' id='word_1_137' title='bbox 1309 1753 1454 1796; x_wconf 80' lang='lat' dir='ltr'><strong>adelph.</strong></span> <span class='ocrx_word' id='word_1_138' title='bbox 1474 1754 1506 1786; x_wconf 86' lang='lat' dir='ltr'><strong>V</strong></span> <span class='ocrx_word' id='word_1_139' title='bbox 1522 1752 1556 1794; x_wconf 86' lang='grc'><strong>8,</strong></span> <span class='ocrx_word' id='word_1_140' title='bbox 1574 1752 1598 1785; x_wconf 92' lang='grc'>6</span> 
     </span>
     <span class='ocr_line' id='line_1_22' title="bbox 122 1795 1639 1840; baseline 0.001 -11"><span class='ocrx_word' id='word_1_141' title='bbox 122 1795 231 1830; x_wconf 82' lang='lat'>638‘</span> <span class='ocrx_word' id='word_1_142' title='bbox 239 1798 310 1830; x_wconf 81' lang='lat' dir='ltr'><strong>iam</strong></span> <span class='ocrx_word' id='word_1_143' title='bbox 343 1822 352 1831; x_wconf 87' lang='lat'><strong>.</strong></span> <span class='ocrx_word' id='word_1_144' title='bbox 372 1822 380 1830; x_wconf 94' lang='lat'>.</span> <span class='ocrx_word' id='word_1_145' title='bbox 401 1822 409 1830; x_wconf 94' lang='lat'>.</span> <span class='ocrx_word' id='word_1_146' title='bbox 442 1797 519 1831; x_wconf 82' lang='lat' dir='ltr'><strong>res‘</strong></span> <span class='ocrx_word' id='word_1_147' title='bbox 551 1798 771 1831; x_wconf 85' lang='lat' dir='ltr'><strong>Consentius</strong></span> <span class='ocrx_word' id='word_1_148' title='bbox 795 1798 884 1832; x_wconf 78' lang='lat'>2059</span> <span class='ocrx_word' id='word_1_149' title='bbox 909 1799 949 1831; x_wconf 89' lang='grc' dir='ltr'><strong>Ρ.</strong></span> <span class='ocrx_word' id='word_1_150' title='bbox 1065 1798 1132 1830; x_wconf 81' lang='grc'>642</span> <span class='ocrx_word' id='word_1_151' title='bbox 1158 1809 1210 1840; x_wconf 89' lang='lat' dir='ltr'><strong>sq.</strong></span> <span class='ocrx_word' id='word_1_152' title='bbox 1242 1798 1445 1831; x_wconf 79' lang='lat' dir='ltr'><strong>‘sublata.</strong></span> <span class='ocrx_word' id='word_1_153' title='bbox 1465 1823 1474 1831; x_wconf 93' lang='lat'>.</span> <span class='ocrx_word' id='word_1_154' title='bbox 1493 1823 1501 1831; x_wconf 89' lang='lat'><strong>.</strong></span> <span class='ocrx_word' id='word_1_155' title='bbox 1528 1797 1639 1830; x_wconf 82' lang='lat' dir='ltr'><strong>iacit’</strong></span> 
     </span>
     <span class='ocr_line' id='line_1_23' title="bbox 121 1843 1636 1886; baseline 0 -11"><span class='ocrx_word' id='word_1_156' title='bbox 121 1843 260 1875; x_wconf 83' lang='lat' dir='ltr'><strong>Nonius</strong></span> <span class='ocrx_word' id='word_1_157' title='bbox 284 1843 362 1884; x_wconf 85' lang='lat'><strong>327,</strong></span> <span class='ocrx_word' id='word_1_158' title='bbox 392 1843 444 1876; x_wconf 86' lang='lat'><strong>17.</strong></span> <span class='ocrx_word' id='word_1_159' title='bbox 470 1843 550 1885; x_wconf 84' lang='lat'><strong>385,</strong></span> <span class='ocrx_word' id='word_1_160' title='bbox 575 1844 618 1876; x_wconf 78' lang='lat'><strong>27</strong></span> <span class='ocrx_word' id='word_1_161' title='bbox 710 1843 777 1876; x_wconf 82' lang='lat'><strong>643</strong></span> <span class='ocrx_word' id='word_1_162' title='bbox 801 1844 930 1877; x_wconf 80' lang='lat' dir='ltr'><strong>Velius</strong></span> <span class='ocrx_word' id='word_1_163' title='bbox 955 1845 1103 1886; x_wconf 84' lang='lat' dir='ltr'><strong>Longus</strong></span> <span class='ocrx_word' id='word_1_164' title='bbox 1128 1844 1276 1876; x_wconf 78' lang='lat' dir='ltr'><strong>2215P.</strong></span> <span class='ocrx_word' id='word_1_165' title='bbox 1347 1843 1414 1875; x_wconf 83' lang='grc'>645</span> <span class='ocrx_word' id='word_1_166' title='bbox 1440 1845 1582 1886; x_wconf 81' lang='lat' dir='ltr'><strong>‘Pyrgo</strong></span> <span class='ocrx_word' id='word_1_167' title='bbox 1609 1847 1636 1877; x_wconf 87' lang='lat' dir='ltr'><strong>t.</strong></span> 
     </span>
     <span class='ocr_line' id='line_1_24' title="bbox 122 1887 1528 1930; baseline 0.001 -11"><span class='ocrx_word' id='word_1_168' title='bbox 122 1888 162 1919; x_wconf 92' lang='lat' dir='ltr'><strong>P.</strong></span> <span class='ocrx_word' id='word_1_169' title='bbox 188 1887 242 1921; x_wconf 90' lang='lat' dir='ltr'><strong>n.’</strong></span> <span class='ocrx_word' id='word_1_170' title='bbox 269 1889 381 1921; x_wconf 84' lang='lat' dir='ltr'><strong>Probi</strong></span> <span class='ocrx_word' id='word_1_171' title='bbox 405 1890 490 1922; x_wconf 80' lang='lat' dir='ltr'><strong>inst.</strong></span> <span class='ocrx_word' id='word_1_172' title='bbox 515 1890 531 1921; x_wconf 95' lang='lat' dir='ltr'>I</span> <span class='ocrx_word' id='word_1_173' title='bbox 556 1890 589 1930; x_wconf 84' lang='lat'><strong>4,</strong></span> <span class='ocrx_word' id='word_1_174' title='bbox 614 1888 636 1920; x_wconf 92' lang='grc'>6</span> <span class='ocrx_word' id='word_1_175' title='bbox 727 1887 795 1921; x_wconf 73' lang='lat'><strong>646</strong></span> <span class='ocrx_word' id='word_1_176' title='bbox 820 1890 910 1921; x_wconf 91' lang='lat' dir='ltr'><strong>‘non</strong></span> <span class='ocrx_word' id='word_1_177' title='bbox 935 1890 1053 1921; x_wconf 87' lang='lat' dir='ltr'><strong>Beroe</strong></span> <span class='ocrx_word' id='word_1_178' title='bbox 1078 1887 1133 1922; x_wconf 84' lang='lat' dir='ltr'><strong>v.&#39;</strong></span> <span class='ocrx_word' id='word_1_179' title='bbox 1158 1889 1271 1922; x_wconf 88' lang='lat' dir='ltr'><strong>Probi</strong></span> <span class='ocrx_word' id='word_1_180' title='bbox 1297 1889 1380 1922; x_wconf 85' lang='lat' dir='ltr'><strong>inst.</strong></span> <span class='ocrx_word' id='word_1_181' title='bbox 1406 1890 1424 1921; x_wconf 93' lang='grc' dir='ltr'>Ι</span> <span class='ocrx_word' id='word_1_182' title='bbox 1448 1889 1480 1930; x_wconf 86' lang='grc'><strong>4,</strong></span> <span class='ocrx_word' id='word_1_183' title='bbox 1506 1889 1528 1920; x_wconf 86' lang='grc'><strong>5</strong></span> 
     </span>
    </p>
   </div>
   <div class='ocr_carea' id='block_1_6' title="bbox 120 1977 387 1985">
    <p class='ocr_par' dir='ltr' id='par_1_6' title="bbox 120 1977 387 1985">
     <span class='ocr_line' id='line_1_25' title="bbox 120 1977 387 1985; baseline 0 0"><span class='ocrx_word' id='word_1_184' title='bbox 120 1977 387 1985; x_wconf 95' lang='lat' dir='ltr'><strong> </strong></span> 
     </span>
    </p>
   </div>
   <div class='ocr_carea' id='block_1_7' title="bbox 122 2048 1641 2358">
    <p class='ocr_par' dir='ltr' id='par_1_7' title="bbox 122 2048 437 2075">
     <span class='ocr_line' id='line_1_26' title="bbox 122 2048 437 2075; baseline 0.003 -1"><span class='ocrx_word' id='word_1_185' title='bbox 122 2048 253 2075; x_wconf 77' lang='lat' dir='ltr'>VARIA</span> <span class='ocrx_word' id='word_1_186' title='bbox 270 2048 437 2075; x_wconf 61' lang='lat' dir='ltr'><strong>macno.</strong></span> 
     </span>
    </p>

    <p class='ocr_par' dir='ltr' id='par_1_8' title="bbox 124 2123 1641 2358">
     <span class='ocr_line' id='line_1_27' title="bbox 207 2123 1583 2189; baseline -0.001 -23"><span class='ocrx_word' id='word_1_187' title='bbox 207 2132 276 2189; x_wconf 75' lang='lat'><strong>632</strong></span> <span class='ocrx_word' id='word_1_188' title='bbox 295 2128 322 2164; x_wconf 91' lang='lat' dir='ltr'>O</span> <span class='ocrx_word' id='word_1_189' title='bbox 344 2127 387 2163; x_wconf 94' lang='lat' dir='ltr'><em>M</em></span> <span class='ocrx_word' id='word_1_190' title='bbox 447 2124 502 2177; x_wconf 85' lang='lat' dir='ltr'><strong>et]</strong></span> <span class='ocrx_word' id='word_1_191' title='bbox 527 2139 548 2164; x_wconf 97' lang='lat' dir='ltr'><strong>o</strong></span> <span class='ocrx_word' id='word_1_192' title='bbox 573 2127 654 2164; x_wconf 82' lang='lat' dir='ltr'><strong>Ma</strong></span> <span class='ocrx_word' id='word_1_193' title='bbox 655 2129 765 2164; x_wconf 83' lang='lat' dir='ltr'><strong>robii</strong></span> <span class='ocrx_word' id='word_1_194' title='bbox 782 2129 950 2175; x_wconf 70' lang='lat' dir='ltr'><strong>exempl.</strong></span> <span class='ocrx_word' id='word_1_195' title='bbox 1014 2123 1110 2164; x_wconf 77' lang='lat' dir='ltr'><strong>&#39;oste</strong></span> <span class='ocrx_word' id='word_1_196' title='bbox 1129 2140 1155 2177; x_wconf 77' lang='grc' dir='ltr'><em>γ</em></span> <span class='ocrx_word' id='word_1_197' title='bbox 1231 2130 1301 2168; x_wconf 84' lang='lat'><strong>633</strong></span> <span class='ocrx_word' id='word_1_198' title='bbox 1319 2127 1583 2172; x_wconf 78' lang='lat' dir='ltr'>NVMQVAMR</span> 
     </span>
     <span class='ocr_line' id='line_1_28' title="bbox 125 2190 1641 2297; baseline -0.001 -41"><span class='ocrx_word' id='word_1_199' title='bbox 125 2221 193 2257; x_wconf 85' lang='lat'><strong>634</strong></span> <span class='ocrx_word' id='word_1_200' title='bbox 203 2217 418 2255; x_wconf 73' lang='lat' dir='ltr'><strong>haector-eos</strong></span> <span class='ocrx_word' id='word_1_201' title='bbox 431 2217 478 2267; x_wconf 82' lang='lat' dir='ltr'><strong>yb</strong></span> <span class='ocrx_word' id='word_1_202' title='bbox 537 2217 729 2254; x_wconf 77' lang='lat' dir='ltr'><strong>AMNJSM</strong></span> <span class='ocrx_word' id='word_1_203' title='bbox 740 2219 888 2255; x_wconf 86' lang='lat' dir='ltr'><strong>amnesb</strong></span> <span class='ocrx_word' id='word_1_204' title='bbox 912 2218 1105 2255; x_wconf 80' lang='lat' dir='ltr'><strong>MANESR</strong></span> <span class='ocrx_word' id='word_1_205' title='bbox 1161 2190 1343 2268; x_wconf 75' lang='lat' dir='ltr'><strong>xanthumy</strong></span> <span class='ocrx_word' id='word_1_206' title='bbox 1413 2218 1641 2297; x_wconf 72' lang='lat' dir='ltr'>SIMOENTHE</span> 
     </span>
     <span class='ocr_line' id='line_1_29' title="bbox 124 2284 1607 2358; baseline 0.002 -15"><span class='ocrx_word' id='word_1_207' title='bbox 124 2284 169 2343; x_wconf 89' lang='lat' dir='ltr'><em>M</em></span> <span class='ocrx_word' id='word_1_208' title='bbox 242 2313 309 2349; x_wconf 80' lang='lat'><strong>635</strong></span> <span class='ocrx_word' id='word_1_209' title='bbox 331 2309 504 2345; x_wconf 80' lang='lat' dir='ltr'><strong>infaustas</strong></span> <span class='ocrx_word' id='word_1_210' title='bbox 524 2307 583 2356; x_wconf 83' lang='lat' dir='ltr'><strong>(au</strong></span> <span class='ocrx_word' id='word_1_211' title='bbox 603 2319 623 2344; x_wconf 85' lang='lat' dir='ltr'><strong>e</strong></span> <span class='ocrx_word' id='word_1_212' title='bbox 643 2320 734 2345; x_wconf 76' lang='lat' dir='ltr'><strong>cort</strong></span> <span class='ocrx_word' id='word_1_213' title='bbox 737 2308 759 2356; x_wconf 88' lang='lat'><strong>.)</strong></span> <span class='ocrx_word' id='word_1_214' title='bbox 779 2322 803 2358; x_wconf 76' lang='lat' dir='ltr'><em>y</em></span> <span class='ocrx_word' id='word_1_215' title='bbox 893 2309 1056 2346; x_wconf 87' lang='lat' dir='ltr'><strong>PVPPES</strong></span> <span class='ocrx_word' id='word_1_216' title='bbox 1078 2310 1196 2358; x_wconf 76' lang='lat' dir='ltr'><em>PRyc</em></span> <span class='ocrx_word' id='word_1_217' title='bbox 1220 2290 1338 2358; x_wconf 48' lang='lat' dir='ltr'><strong>puffies</strong></span> <span class='ocrx_word' id='word_1_218' title='bbox 1351 2310 1372 2346; x_wconf 88' lang='lat' dir='ltr'><strong>b</strong></span> <span class='ocrx_word' id='word_1_219' title='bbox 1466 2314 1535 2349; x_wconf 85' lang='lat'><strong>636</strong></span> <span class='ocrx_word' id='word_1_220' title='bbox 1561 2310 1607 2346; x_wconf 79' lang='lat' dir='ltr'><strong>Mt</strong></span> 
     </span>
    </p>
   </div>
   <div class='ocr_carea' id='block_1_8' title="bbox 124 2385 1640 2437">
    <p class='ocr_par' dir='ltr' id='par_1_9' title="bbox 124 2385 1640 2437">
     <span class='ocr_line' id='line_1_30' title="bbox 124 2385 1640 2437; baseline 0.003 -15"><span class='ocrx_word' id='word_1_221' title='bbox 124 2385 161 2421; x_wconf 91' lang='lat' dir='ltr'><strong>P</strong></span> <span class='ocrx_word' id='word_1_222' title='bbox 232 2387 420 2423; x_wconf 81' lang='lat' dir='ltr'><strong>casandrae</strong></span> <span class='ocrx_word' id='word_1_223' title='bbox 436 2388 458 2424; x_wconf 81' lang='lat' dir='ltr'><strong><em>b</em></strong></span> <span class='ocrx_word' id='word_1_224' title='bbox 479 2388 667 2424; x_wconf 79' lang='lat' dir='ltr'><strong>carandrae</strong></span> <span class='ocrx_word' id='word_1_225' title='bbox 683 2399 704 2424; x_wconf 84' lang='lat' dir='ltr'><strong>c</strong></span> <span class='ocrx_word' id='word_1_226' title='bbox 783 2400 849 2437; x_wconf 86' lang='lat' dir='ltr'><strong>per</strong></span> <span class='ocrx_word' id='word_1_227' title='bbox 868 2400 1034 2425; x_wconf 88' lang='lat' dir='ltr'><strong>somnum</strong></span> <span class='ocrx_word' id='word_1_228' title='bbox 1051 2389 1269 2426; x_wconf 82' lang='lat' dir='ltr'><strong>Cassandrae</strong></span> <span class='ocrx_word' id='word_1_229' title='bbox 1288 2401 1323 2424; x_wconf 87' lang='lat' dir='ltr'><strong>m</strong></span> <span class='ocrx_word' id='word_1_230' title='bbox 1400 2393 1467 2428; x_wconf 86' lang='lat'><strong>637</strong></span> <span class='ocrx_word' id='word_1_231' title='bbox 1488 2389 1640 2426; x_wconf 60' lang='lat' dir='ltr'>{V1SSA</span> 
     </span>
    </p>
   </div>
   <div class='ocr_carea' id='block_1_9' title="bbox 127 2441 1641 2529">
    <p class='ocr_par' dir='ltr' id='par_1_10' title="bbox 127 2441 1641 2529">
     <span class='ocr_line' id='line_1_31' title="bbox 127 2441 1641 2529; baseline 0.004 -19"><span class='ocrx_word' id='word_1_232' title='bbox 127 2475 164 2510; x_wconf 89' lang='lat' dir='ltr'><strong>P</strong></span> <span class='ocrx_word' id='word_1_233' title='bbox 240 2474 404 2513; x_wconf 73' lang='lat' dir='ltr'>FACLES</span> <span class='ocrx_word' id='word_1_234' title='bbox 427 2477 462 2513; x_wconf 88' lang='lat' dir='ltr'><em>R</em></span> <span class='ocrx_word' id='word_1_235' title='bbox 542 2441 730 2529; x_wconf 53' lang='lat' dir='ltr'><strong>QuiqntTE</strong></span> <span class='ocrx_word' id='word_1_236' title='bbox 750 2478 792 2514; x_wconf 94' lang='lat' dir='ltr'><em>M</em></span> <span class='ocrx_word' id='word_1_237' title='bbox 870 2483 939 2518; x_wconf 83' lang='lat'><strong>638</strong></span> <span class='ocrx_word' id='word_1_238' title='bbox 958 2479 1062 2516; x_wconf 86' lang='lat' dir='ltr'><strong>AGIT</strong></span> <span class='ocrx_word' id='word_1_239' title='bbox 1079 2479 1113 2515; x_wconf 82' lang='lat' dir='ltr'><em>R</em></span> <span class='ocrx_word' id='word_1_240' title='bbox 1134 2479 1191 2527; x_wconf 85' lang='lat' dir='ltr'><strong>agi</strong></span> <span class='ocrx_word' id='word_1_241' title='bbox 1211 2484 1401 2516; x_wconf 77' lang='lat' dir='ltr'><strong>testantur</strong></span> <span class='ocrx_word' id='word_1_242' title='bbox 1418 2469 1641 2516; x_wconf 66' lang='lat' dir='ltr'><strong>Consentius</strong></span> 
     </span>
    </p>
   </div>
   <div class='ocr_carea' id='block_1_10' title="bbox 127 2532 1638 2675">
    <p class='ocr_par' dir='ltr' id='par_1_11' title="bbox 127 2532 1638 2675">
     <span class='ocr_line' id='line_1_32' title="bbox 127 2532 1563 2620; baseline 0.004 -20"><span class='ocrx_word' id='word_1_243' title='bbox 127 2570 162 2601; x_wconf 83' lang='lat' dir='ltr'><strong>et</strong></span> <span class='ocrx_word' id='word_1_244' title='bbox 185 2564 341 2601; x_wconf 80' lang='lat' dir='ltr'><strong>Servius</strong></span> <span class='ocrx_word' id='word_1_245' title='bbox 423 2571 491 2606; x_wconf 83' lang='lat'><strong>639</strong></span> <span class='ocrx_word' id='word_1_246' title='bbox 511 2573 668 2615; x_wconf 81' lang='lat' dir='ltr'><strong>quatuor</strong></span> <span class='ocrx_word' id='word_1_247' title='bbox 689 2579 710 2604; x_wconf 85' lang='lat' dir='ltr'><strong>c</strong></span> <span class='ocrx_word' id='word_1_248' title='bbox 775 2532 879 2604; x_wconf 52' lang='lat' dir='ltr'><strong>1‘RAE</strong></span> <span class='ocrx_word' id='word_1_249' title='bbox 900 2568 946 2604; x_wconf 89' lang='grc' dir='ltr'><em>Μ</em></span> <span class='ocrx_word' id='word_1_250' title='bbox 1026 2573 1094 2608; x_wconf 73' lang='lat'><strong>640</strong></span> <span class='ocrx_word' id='word_1_251' title='bbox 1114 2570 1281 2618; x_wconf 83' lang='lat' dir='ltr'><strong>Neptuno</strong></span> <span class='ocrx_word' id='word_1_252' title='bbox 1302 2569 1338 2617; x_wconf 91' lang='lat' dir='ltr'><strong>(o</strong></span> <span class='ocrx_word' id='word_1_253' title='bbox 1360 2581 1379 2606; x_wconf 85' lang='lat' dir='ltr'><strong>e</strong></span> <span class='ocrx_word' id='word_1_254' title='bbox 1399 2568 1518 2620; x_wconf 79' lang='lat' dir='ltr'><strong>corr.)</strong></span> <span class='ocrx_word' id='word_1_255' title='bbox 1539 2583 1563 2620; x_wconf 78' lang='grc' dir='ltr'><em>γ</em></span> 
     </span>
     <span class='ocr_line' id='line_1_33' title="bbox 127 2620 1638 2675; baseline 0.005 -19"><span class='ocrx_word' id='word_1_256' title='bbox 127 2620 296 2657; x_wconf 82' lang='grc' dir='ltr'><strong>ΑΝΙΜΑΜ</strong></span> <span class='ocrx_word' id='word_1_257' title='bbox 319 2621 354 2657; x_wconf 83' lang='lat' dir='ltr'><em>R</em></span> <span class='ocrx_word' id='word_1_258' title='bbox 373 2636 385 2657; x_wconf 91' lang='lat'><em>:</em></span> <span class='ocrx_word' id='word_1_259' title='bbox 405 2622 458 2669; x_wconf 70' lang='lat' dir='ltr'><strong>ef.</strong></span> <span class='ocrx_word' id='word_1_260' title='bbox 479 2622 552 2658; x_wconf 77' lang='lat' dir='ltr'><strong>Vn!</strong></span> <span class='ocrx_word' id='word_1_261' title='bbox 571 2628 640 2663; x_wconf 77' lang='lat'><strong>403</strong></span> <span class='ocrx_word' id='word_1_262' title='bbox 668 2625 790 2660; x_wconf 64' lang='lat' dir='ltr'><strong>animi]</strong></span> <span class='ocrx_word' id='word_1_263' title='bbox 815 2623 852 2671; x_wconf 91' lang='lat' dir='ltr'><strong>(u</strong></span> <span class='ocrx_word' id='word_1_264' title='bbox 883 2625 920 2660; x_wconf 77' lang='lat' dir='ltr'><strong>in</strong></span> <span class='ocrx_word' id='word_1_265' title='bbox 951 2624 1045 2672; x_wconf 80' lang='lat' dir='ltr'><strong>ras.)</strong></span> <span class='ocrx_word' id='word_1_266' title='bbox 1065 2626 1086 2661; x_wconf 84' lang='lat' dir='ltr'><em>b</em></span> <span class='ocrx_word' id='word_1_267' title='bbox 1118 2625 1287 2662; x_wconf 72' lang='lat' dir='ltr'>ANJMVM</span> <span class='ocrx_word' id='word_1_268' title='bbox 1307 2626 1430 2675; x_wconf 84' lang='lat' dir='ltr'><strong>MPyc</strong></span> <span class='ocrx_word' id='word_1_269' title='bbox 1462 2626 1638 2664; x_wconf 81' lang='lat' dir='ltr'><strong>flammam</strong></span> 
     </span>
    </p>
   </div>
   <div class='ocr_carea' id='block_1_11' title="bbox 137 2677 1640 2730">
    <p class='ocr_par' dir='ltr' id='par_1_12' title="bbox 137 2677 1640 2730">
     <span class='ocr_line' id='line_1_34' title="bbox 137 2677 1640 2730; baseline 0.004 -17"><span class='ocrx_word' id='word_1_270' title='bbox 137 2677 263 2714; x_wconf 83' lang='lat' dir='ltr'><strong>Venec.</strong></span> <span class='ocrx_word' id='word_1_271' title='bbox 289 2689 336 2713; x_wconf 89' lang='lat' dir='ltr'><strong>m.</strong></span> <span class='ocrx_word' id='word_1_272' title='bbox 357 2682 379 2716; x_wconf 82' lang='lat'><strong>2</strong></span> <span class='ocrx_word' id='word_1_273' title='bbox 474 2683 537 2717; x_wconf 73' lang='lat'><strong>641</strong></span> <span class='ocrx_word' id='word_1_274' title='bbox 571 2680 736 2716; x_wconf 76' lang='lat' dir='ltr'><strong>insessum</strong></span> <span class='ocrx_word' id='word_1_275' title='bbox 767 2685 804 2718; x_wconf 79' lang='lat' dir='ltr'><strong>ct</strong></span> <span class='ocrx_word' id='word_1_276' title='bbox 904 2685 972 2720; x_wconf 62' lang='lat'><strong>642</strong></span> <span class='ocrx_word' id='word_1_277' title='bbox 1002 2693 1138 2718; x_wconf 83' lang='lat' dir='ltr'><strong>conexa</strong></span> <span class='ocrx_word' id='word_1_278' title='bbox 1169 2682 1284 2718; x_wconf 77' lang='lat' dir='ltr'><strong>Nonii</strong></span> <span class='ocrx_word' id='word_1_279' title='bbox 1316 2684 1479 2730; x_wconf 76' lang='lat' dir='ltr'><strong>exempl.</strong></span> <span class='ocrx_word' id='word_1_280' title='bbox 1570 2688 1640 2724; x_wconf 70' lang='grc'><strong>643</strong></span> 
     </span>
    </p>
   </div>
   <div class='ocr_carea' id='block_1_12' title="bbox 128 2730 1640 2818">
    <p class='ocr_par' dir='ltr' id='par_1_13' title="bbox 128 2730 1640 2818">
     <span class='ocr_line' id='line_1_35' title="bbox 128 2730 1640 2818; baseline 0.005 -14"><span class='ocrx_word' id='word_1_281' title='bbox 128 2748 267 2804; x_wconf 47' lang='lat' dir='ltr'><strong>arrectae</strong></span> <span class='ocrx_word' id='word_1_282' title='bbox 288 2781 312 2817; x_wconf 74' lang='lat' dir='ltr'><em>y</em></span> <span class='ocrx_word' id='word_1_283' title='bbox 387 2771 456 2807; x_wconf 59' lang='lat'><strong>624</strong></span> <span class='ocrx_word' id='word_1_284' title='bbox 476 2730 502 2804; x_wconf 58' lang='lat' dir='ltr'><strong>isa</strong></span> <span class='ocrx_word' id='word_1_285' title='bbox 520 2769 562 2804; x_wconf 90' lang='lat' dir='ltr'><em>M</em></span> <span class='ocrx_word' id='word_1_286' title='bbox 639 2774 706 2809; x_wconf 71' lang='lat'><strong>6¹45</strong></span> <span class='ocrx_word' id='word_1_287' title='bbox 735 2770 953 2807; x_wconf 79' lang='lat' dir='ltr'>CONVTRIX</span> <span class='ocrx_word' id='word_1_288' title='bbox 983 2770 1171 2818; x_wconf 75' lang='lat' dir='ltr'><strong>(noluerat</strong></span> <span class='ocrx_word' id='word_1_289' title='bbox 1191 2773 1346 2810; x_wconf 81' lang='lat' dir='ltr'><strong>coniunx</strong></span> <span class='ocrx_word' id='word_1_290' title='bbox 1360 2803 1369 2817; x_wconf 89' lang='lat'><em>,</em></span> <span class='ocrx_word' id='word_1_291' title='bbox 1401 2775 1500 2810; x_wconf 79' lang='lat' dir='ltr'><strong>velut</strong></span> <span class='ocrx_word' id='word_1_292' title='bbox 1522 2775 1551 2810; x_wconf 87' lang='grc' dir='ltr'>Π</span> <span class='ocrx_word' id='word_1_293' title='bbox 1570 2778 1640 2814; x_wconf 82' lang='grc'><strong>783</strong></span> 
     </span>
    </p>
   </div>
   <div class='ocr_carea' id='block_1_13' title="bbox 126 2832 1637 2939">
    <p class='ocr_par' dir='ltr' id='par_1_14' title="bbox 126 2832 1637 2939">
     <span class='ocr_line' id='line_1_36' title="bbox 126 2832 1637 2939; baseline 0.005 -56"><span class='ocrx_word' id='word_1_294' title='bbox 126 2839 290 2939; x_wconf 37' lang='lat' dir='ltr'><strong>q&#39;lgSPR&#39;b</strong></span> <span class='ocrx_word' id='word_1_295' title='bbox 315 2851 383 2886; x_wconf 72' lang='lat'><strong>646</strong></span> <span class='ocrx_word' id='word_1_296' title='bbox 399 2847 619 2884; x_wconf 79' lang='grc' dir='ltr'>ΒΟΕΤΗΕΙΑ</span> <span class='ocrx_word' id='word_1_297' title='bbox 638 2849 670 2884; x_wconf 82' lang='lat' dir='ltr'><em>R</em></span> <span class='ocrx_word' id='word_1_298' title='bbox 700 2832 1042 2887; x_wconf 63' lang='lat' dir='ltr'><strong>RHOETAE-l-A-n&#39;t</strong></span> <span class='ocrx_word' id='word_1_299' title='bbox 1062 2851 1108 2886; x_wconf 91' lang='lat' dir='ltr'><em>M</em></span> <span class='ocrx_word' id='word_1_300' title='bbox 1132 2849 1267 2889; x_wconf 76' lang='lat' dir='ltr'><strong>r&amp;}1eia</strong></span> <span class='ocrx_word' id='word_1_301' title='bbox 1288 2864 1310 2889; x_wconf 84' lang='lat' dir='ltr'><strong><em>c</em></strong></span> <span class='ocrx_word' id='word_1_302' title='bbox 1391 2858 1460 2893; x_wconf 65' lang='lat'><strong>648</strong></span> <span class='ocrx_word' id='word_1_303' title='bbox 1478 2853 1637 2891; x_wconf 79' lang='lat' dir='ltr'><strong>ARDEN-</strong></span> 
     </span>
    </p>
   </div>
  </div>
 </body>
</html>
