1910 3172
328 210 407 250 346
871 223 1039 251 vanam
1059 224 1208 251 ΛΕΜ-318
1230 226 1275 252 vr

442 319 655 358 immortale
685 321 791 358 iecur
819 319 981 359 tondens
1011 319 1251 377 secundaque
1280 323 1413 372 poenis

443 392 588 429 viscera
615 391 852 441 rimaturque
884 390 1005 442 epulis
1033 391 1254 443 habitatque
1284 393 1357 433 suh
1383 393 1458 432 alto

437 466 611 511 pectore,
641 473 712 500 nec
740 454 848 501 fibris
876 463 1029 513 requies
1052 463 1164 502 datur
1194 463 1268 502 ulla
1291 464 1445 503 renatis.
1728 466 1807 506 600

440 532 549 586 [quid
578 545 791 572 memorem
821 533 1019 584 Lapithas,
1046 534 1176 573 Ixiona
1205 535 1536 589 Pirithoumque?]

768 618 791 642 *
958 618 980 642 *
1146 619 1169 643 ²13
1335 620 1364 644 *-

437 687 513 727 quo
544 687 661 726 super
691 680 773 715 atra
802 676 897 715 silex
927 677 1002 716 iam
1031 678 1107 715 iam
1134 677 1289 728 lapsura
1320 678 1546 731 cadentique

438 747 611 786 imminet
637 747 838 792 adsimilis:
864 747 994 788 lucent
1018 748 1230 800 genialibus
1259 748 1343 789 altis

325 903 589 931 TESTIMONIA.

326 949 507 987 tamquam
547 946 684 979 fibris
724 948 1074 980 renascentibus
1114 930 1205 989 (600)
1240 947 1461 981 inhaerendo
1596 948 1678 981 illos
1710 950 1811 981 aiunt

326 990 477 1031 epulis
509 994 614 1023 ante
647 1001 725 1023 ora
755 991 920 1033 positis
953 990 1045 1033 (604)
1071 991 1271 1024 excruciari
1294 992 1390 1024 fame
1417 995 1454 1024 et
1476 993 1598 1025 inedia
1621 993 1810 1026 tabescere

381 1057 389 1065 .
410 1057 417 1065 .
446 1034 526 1066 illos
550 1034 694 1067 radiis
718 1038 916 1068 rotarum
939 1036 1135 1078 pendere
1160 1036 1403 1072 districtos
1428 1035 1508 1077 (616
1530 1036 1598 1078 sq.)
1624 1060 1632 1069 .
1650 1060 1659 1069 .
1678 1061 1687 1069 .
1706 1061 1714 1069 .
1740 1047 1811 1069 sa-

324 1087 421 1110 xum
454 1079 612 1120 ingens
642 1079 824 1111 volvere
858 1079 949 1121 (616)
980 1079 1232 1112 inefficacibus
1261 1079 1522 1122 laboriosisque
1548 1081 1735 1113 conatibus
1759 1082 1810 1113 vi-

326 1125 400 1154 tam
430 1125 608 1155 terentes:
642 1126 783 1155 atnam
814 1123 996 1155 silicem
1028 1123 1254 1166 lapsuram
1279 1134 1450 1176 semper
1475 1127 1517 1156 et
1541 1125 1726 1156 cadenti
1749 1125 1810 1156 si-

325 1166 473 1198 milem
497 1166 638 1199 illorum
663 1167 843 1209 capitibus
867 1168 1100 1200 imminere
1126 1166 1203 1209 (602
1227 1167 1295 1209 sq.)
1328 1170 1388 1210 qui
1413 1191 1421 1200 .
1441 1193 1448 1200 .
1468 1191 1475 1200 .
1503 1169 1666 1200 ambiunt
1688 1171 1810 1209 tyran-

324 1209 462 1241 nidem'
489 1221 520 1242 e.
547 1221 580 1252 q.
605 1221 632 1244 s.
664 1211 871 1243 Macrobius
904 1222 1027 1244 comm.
1060 1212 1097 1243 in
1128 1222 1238 1244 somn.
1247 1178 1366 1244 (1.ch1
1394 1211 1511 1251 10,12
1536 1222 1610 1254 sqq.
1702 1212 1812 1244 597-

326 1253 425 1286 600⁴
435 1258 551 1286 rostro
577 1278 585 1287 .
603 1279 612 1287 .
629 1279 636 1286 .
662 1256 816 1287 renatis'
823 1246 954 1287 'schoL
978 1256 1064 1288 Hor.
1091 1266 1199 1288 carm.
1225 1256 1280 1288 ΙΙΙ
1303 1256 1336 1296 4,
1363 1256 1405 1287 75
1509 1255 1572 1287 597
1598 1266 1650 1297 sq.
1677 1255 1810 1288 ‘rostro

381 1297 584 1331 wtondens
609 1299 815 1331 Macrobius
840 1299 915 1331 Sat.
941 1300 990 1331 IV
1013 1299 1114 1340 4,15
1183 1298 1246 1331 597
1271 1300 1427 1332 inmanis
1451 1310 1485 1332 v.
1511 1310 1541 1332 ο.
1567 1298 1699 1332 rostro'
1718 1300 1812 1332 Cha-

326 1321 432 1374 risius
459 1341 522 1374 120
553 1342 689 1375 ‘voltur
712 1354 744 1375 o.
755 1341 905 1375 'Probi
930 1353 988 1375 ars
1012 1343 1127 1375 minor
1150 1342 1215 1375 510
1247 1342 1399 1375 ‘’voltur
1428 1343 1613 1375 Charisius
1637 1343 1679 1375 75
1705 1354 1808 1377 anon.

325 1386 368 1418 de
393 1386 521 1427 orthog
523 1396 549 1419 r.
574 1386 662 1419 2804
685 1387 726 1418 Ρ.
840 1386 905 1419 599
929 1397 981 1429 sq.
1023 1387 1190 1419 ‘rimatur
1214 1412 1222 1421 .
1241 1410 1249 1419 .
1269 1386 1469 1429 .pectore'
1509 1388 1644 1420 Nonius
1667 1386 1812 1427 382,12

374 1428 550 1464 601—603
577 1429 649 1474 [ge.
667 1431 722 1463 III
739 1430 781 1463 37
805 1428 875 1473 sq.]
903 1431 1040 1473 ‘potest
1063 1431 1177 1464 videri
1201 1431 1292 1463 haec
1317 1431 1500 1464 sententia
1524 1432 1703 1474 ambigua,
1729 1432 1812 1474 quia

326 1477 362 1506 et
392 1484 529 1516 angues
558 1475 791 1517 interpretari
823 1475 953 1520 aliquis
983 1478 1105 1517 potest
1129 1474 1183 1507 et'
1210 1474 1291 1516 (om
1315 1474 1413 1516 libri)
1442 1475 1574 1507 ‘rotam
1599 1479 1635 1508 et
1657 1486 1729 1508 non
1754 1486 1812 1508 ex-

325 1519 532 1560 superabile
557 1528 682 1551 saxum
705 1519 854 1551 Ixionis.
903 1519 966 1551 sed
992 1517 1087 1562 [nec]
1111 1522 1259 1572 praeter
1282 1522 1398 1551 rotam
1423 1522 1459 1552 et
1483 1529 1607 1551 saxum
1631 1519 1729 1558 aliud
1753 1530 1810 1551 ex-

325 1562 502 1604 sequitui-²
527 1562 569 1614 .(‘
581 1562 679 1595 esse’
709 1562 811 1605 libri)
843 1562 1077 1605 ‘supplicium
1111 1564 1192 1605 ipse
1223 1563 1416 1605 Vergilius.
1469 1561 1592 1605 fingit’
1634 1561 1669 1605 (4
1679 1563 1809 1596 sentit'

324 1606 468 1646 libri)‘
480 1607 573 1639 enim
597 1607 698 1639 illum
723 1610 760 1639 et
782 1607 982 1640 Pirithoum
1005 1610 1104 1639 motu
1126 1607 1355 1649 impendente
1380 1608 1460 1639 saxi
1482 1608 1628 1650 urg-ueri
1652 1611 1688 1639 et
1712 1618 1733 1639 a
1758 1607 1811 1639 fu-

326 1650 381 1682 ria.
405 1651 589 1692 prohiberi
614 1651 729 1693 epulis
755 1651 845 1692 regii
873 1654 1087 1693 apparatus,
1121 1661 1268 1692 quarum
1291 1652 1500 1693 priusquam
1523 1651 1729 1693 inpleantur
1744 1651 1811 1683 ...'

327 1692 462 1734 (‘illum
494 1705 516 1726 a
546 1695 641 1726 furia
672 1698 708 1726 et
738 1695 937 1726 Pirithoum
969 1695 1116 1737 urgueri
1141 1695 1255 1737 epulis
1280 1706 1306 1727 r.
1335 1705 1366 1726 a.
1394 1706 1426 1737 q.
1452 1695 1550 1737 prius
1574 1695 1813 1727 incendantur

331 1741 367 1770 et
390 1741 488 1771 motu
512 1739 729 1781 inpendente
755 1740 833 1770 saxi
856 1738 1019 1780 urgueri’
1045 1739 1146 1779 libri,
1189 1749 1275 1780 quos
1300 1739 1490 1772 emendavi
1513 1741 1553 1770 ut
1575 1739 1689 1781 potui)
1716 1738 1813 1772 ‘cum

326 1781 394 1815 ait:
421 1783 523 1824 quid
547 1793 777 1815 memorem
802 1806 809 1814 .
831 1807 838 1814 .
857 1806 865 1814 .
891 1782 1135 1814 adsimilis’
1159 1783 1297 1814 Probus
1322 1783 1375 1824 57,
1401 1782 1444 1814 26
1467 1793 1508 1824 sq
1535 1784 1610 1816 .K.
1679 1782 1743 1815 602
1760 1793 1811 1824 sq.

327 1825 435 1867 ‘quos
460 1850 468 1859 .
488 1850 496 1859 .
514 1851 522 1860 .
550 1825 741 1858 adsimilis'
765 1826 973 1858 Macrobius
998 1826 1074 1858 Sat.
1100 1826 1150 1859 IV
1173 1827 1211 1866 4,
1240 1826 1280 1859 15
1390 1825 1490 1858 6024
1500 1837 1587 1868 quos
1611 1850 1619 1866 .
1640 1850 1648 1858 .
1667 1851 1675 1859 .
1701 1826 1810 1859 silex'

326 1869 471 1902 Servius
495 1870 582 1902 Aen.
606 1870 657 1903 VI
680 1869 746 1902 616
772 1870 870 1902 ‘atra
894 1869 942 1902 s.’
967 1870 1161 1903 Diomedes
1186 1870 1251 1902 449
1362 1869 1474 1903 603-
1485 1869 1551 1902 606
1582 1863 1755 1904 ‘lucent.

326 1912 487 1946 mensas’
513 1914 626 1947 schol.
651 1915 738 1947 Hor.
763 1925 873 1947 carm.
890 1915 908 1946 I
923 1913 984 1955 28,
1010 1915 1028 1946 7

324 2071 450 2099 VARIA
469 2071 633 2099 LEOTIO.

426 2142 492 2177 598
513 2137 700 2174 inmortale
718 2139 786 2186 ybc
872 2119 969 2174 iecbr
989 2150 1012 2187 γ
1102 2137 1295 2174 TONDENS
1316 2134 1355 2184 (0
1382 2139 1421 2173 in
1441 2137 1535 2184 νας.)
1558 2138 1596 2173 F
1614 2137 1766 2174 tundent
1781 2148 1811 2179 c,

326 2193 511 2230 Macrobii
529 2205 559 2240 φ
581 2194 731 2229 tondens
752 2194 909 2238 firmant
930 2193 1120 2229 Homerus
1132 2194 1197 2229 od.
1212 2193 1233 2228 λ
1254 2195 1321 2232 578
1340 2197 1375 2246 ql
1391 2193 1503 2229 Silius
1521 2193 1593 2228 XIII
1612 2197 1679 2232 839
1693 2203 1812 2238 prae-

325 2253 382 2285 ler
403 2250 518 2292 alios,
552 2259 711 2295 quorum
732 2249 906 2294 exempla
934 2250 1078 2295 colleyit
1094 2248 1275 2284 Heinsius
1353 2247 1528 2285 foecunda
1552 2249 1572 2284 b
1649 2259 1718 2295 que
1743 2259 1811 2284 om.

324 2315 344 2340 c
419 2308 486 2343 599
504 2314 557 2353 sq.
589 2303 768 2339 rimatur.
804 2308 977 2351 .pcctorc
1006 2315 1076 2339 om.
1100 2303 1213 2339 schol.
1239 2303 1334 2339 Hor.
1430 2308 1496 2342 599
1515 2303 1601 2338 rim.
1613 2307 1692 2339 atur
1715 2315 1739 2351 γ

324 2358 504 2395 AEPVLIS
528 2360 565 2395 F
584 2358 696 2395 oculis
718 2358 862 2394 Nomus
959 2364 1042 2394 auto
1065 2364 1104 2396 cl
1202 2361 1270 2396 600
1288 2359 1432 2405 requies
1447 2357 1546 2394 fibris
1565 2359 1586 2394 b
1683 2358 1813 2394 RENA-

325 2446 414 2482 THS
432 2447 478 2482 M
549 2451 667 2486 601-
674 2450 740 2485 607
762 2447 819 2482 De
840 2447 909 2483 hoc
930 2447 1008 2483 loco
1024 2448 1114 2489 vade
1130 2447 1299 2493 ρνοῖε9.,
1321 2447 1384 2482 ubi
1405 2447 1549 2482 conieci
1565 2457 1597 2481 v.
1620 2450 1684 2485 601
1711 2445 1813 2492 falso

332 2503 488 2539 Varium
518 2506 554 2538 et
576 2502 738 2538 Tuccam
757 2503 827 2538 hoc
852 2503 931 2538 loco
953 2503 1010 2538 vel
1029 2503 1224 2548 reliquisse
1244 2502 1300 2537 vel
1319 2502 1503 2541 intulisse,
1519 2505 1671 2547 poetam
1691 2505 1814 2538 autem

325 2562 411 2593 ante
430 2569 463 2594 v.
486 2560 553 2595 602
578 2558 778 2593 Tantalum
806 2558 1084 2593 nominaturum
1108 2557 1248 2604 fuisse,
1283 2558 1333 2592 ad
1358 2566 1466 2603 quem
1493 2557 1718 2602 supplicium
1744 2556 1813 2592 hoc

324 2612 476 2659 referre
502 2623 578 2649 non
594 2613 728 2649 dubito.
817 2617 881 2651 601
903 2612 1081 2660 laphithas
1092 2613 1111 2648 b
1133 2612 1295 2659 laphytaf
1311 2622 1332 2647 c
1406 2611 1655 2647 PERJTHOVM
1674 2611 1732 2647 Rb
1752 2623 1814 2658 pa-

324 2701 482 2738 ritlioum
507 2706 550 2749 γι
627 2703 695 2739 602
715 2699 801 2743 QVO
821 2701 856 2737 R
877 2699 989 2744 QVOS
1009 2701 1163 2748 MPyIm,
1184 2699 1331 2736 Probus
1350 2702 1386 2735 et
1400 2698 1616 2736 Macrobius
1644 2698 1764 2742 QVOD
1781 2699 1818 2734 F

413 2777 562 2814 ATRAS
585 2776 621 2825 (S
636 2776 751 2823 eras.)
773 2778 809 2813 P
839 2783 895 2814 ata
913 2790 937 2826 γ
1031 2778 1229 2814 LABSVRA
1250 2778 1285 2812 F
1303 2776 1520 2814 LAlPSURA
1537 2775 1584 2811 M
1653 2786 1720 2823 que
1742 2787 1811 2811 om.

325 2832 396 2882 By,
406 2833 592 2870 Macrobii
601 2833 873 2874 Salisb.,Probi
880 2833 1005 2869 Paris.
1086 2838 1153 2872 603
1172 2832 1391 2869 INMINETP
1458 2829 1728 2868 ATSIMILISM
1742 2830 1814 2866 AD-
