1910 3172
375 235 455 274 340
919 246 1089 273 VERGILI
1109 247 1255 272 AENEIS
1276 249 1319 274 VI

482 348 574 381 tunc
600 355 662 381 me
686 343 902 380 confectum
935 342 1086 381 choreis
1116 355 1327 394 somnoque
1355 348 1551 392 gravatum
1775 345 1854 384 520

483 413 614 452 infelix
642 413 775 451 habuit
806 413 994 452 thalamus
1023 415 1237 464 pressitque
1266 415 1453 453 iacentem

486 484 607 523 dulcis
635 489 672 522 et
699 484 773 522 alta
805 486 913 534 quies
942 484 1188 536 placidaeque
1214 485 1403 525 simillima
1430 487 1556 524 morti.

484 557 637 606 egregia
665 557 811 594 interea
841 557 1006 594 coniunx
1035 569 1140 595 arma
1173 558 1298 595 omnia
1329 558 1435 596 tectis

486 631 636 665 amovet
666 626 716 678 (et
745 627 861 666 fidum
893 628 1004 677 capiti
1032 628 1267 667 subduxerat
1297 629 1460 678 ensem):

483 699 584 736 intra
612 702 711 737 tecta
739 703 847 743 vocat
879 698 1094 737 Menelaum
1126 705 1162 738 et
1189 699 1318 737 limina
1347 700 1496 749 pandit,
1775 699 1853 738 525

484 769 627 808 scilicet
655 770 693 808 id
723 782 905 820 magnum
930 770 1096 821 ‘sperans
1125 772 1207 809 fore
1237 783 1377 809 munus
1406 772 1548 809 amanti

482 846 519 879 et
545 842 692 879 samam
711 843 879 892 extingui
904 847 1076 881 veterum
1106 843 1160 880 sic
1185 853 1297 892 posse
1325 842 1525 882 malorum.

482 913 573 963 quid
600 914 757 951 moror?
787 914 1015 963 inrumpunt
1040 913 1229 958 thalamo,
1259 926 1388 952 comes
1417 914 1565 952 additus
1592 925 1667 951 una
1696 919 1706 929 ²

474 984 654 1038 ⁴hortator
684 985 872 1023 scelerum
899 985 1086 1023 Aeolides.
1147 986 1204 1029 di,
1227 984 1321 1023 -talia
1353 985 1463 1023 Grais

479 1056 707 1099 instaurate,
739 1057 802 1107 pio
837 1058 867 1094 si
895 1068 1039 1106 poenas
1069 1069 1135 1095 ore
1166 1068 1339 1106 reposco.
1774 1056 1853 1095 530

367 1223 631 1249 TESTIMONIA.

480 1287 545 1318 522
569 1287 774 1318 Macrobius
800 1286 874 1318 Sat.
900 1287 931 1318 V
955 1286 986 1326 3,
1015 1286 1055 1317 12
1080 1286 1223 1318 Servius
1249 1286 1337 1319 Aen.
1363 1287 1411 1317 VI
1435 1285 1500 1318 278
1604 1286 1668 1318 524
1693 1287 1854 1318 ‘amovet

396 1355 403 1362 .
424 1355 431 1362 .
457 1330 693 1368 subduxerat?
719 1331 828 1362 Probi
853 1331 936 1361 inst.
962 1331 980 1361 I
1007 1330 1056 1370 12,
1087 1330 1102 1361 1
1197 1331 1252 1361 ‘et
1276 1354 1283 1361 .
1302 1354 1310 1362 .
1329 1354 1336 1361 .
1364 1329 1502 1361 ensem'
1528 1331 1692 1362 Donatus
1711 1331 1755 1362 ad
1771 1331 1853 1362 Ter.

368 1357 453 1407 eun.
479 1375 529 1406 IV
556 1375 586 1414 7,
613 1375 655 1406 25
745 1373 811 1405 529
837 1374 1015 1405 ‘hortator
1039 1384 1066 1405 s.
1092 1372 1151 1405 A.'
1179 1373 1350 1405 Claudius
1376 1374 1551 1405 Sacerdos
1575 1374 1592 1405 I
1615 1374 1659 1405 86
1684 1386 1691 1405 ε
1719 1375 1765 1405 cf.
1792 1374 1855 1405 102

459 1417 524 1450 529
549 1428 600 1460 sq.
630 1418 683 1449 ‘di
709 1442 717 1449 .
737 1443 744 1450 .
765 1442 773 1449 .
799 1417 967 1460 reposco'
992 1418 1200 1450 Macrobius
1225 1418 1300 1449 Sat.
1325 1418 1376 1450 IV
1399 1417 1432 1459 6,
1459 1417 1498 1449 19
1588 1417 1653 1450 529
1680 1418 1733 1449 ‘di
1747 1421 1774 1449 t.
1792 1417 1853 1450 G.’

370 1463 515 1495 Servius
538 1462 625 1499 Aen,
650 1463 736 1494 VIII
759 1461 825 1494 483

368 1643 494 1670 VARIA
521 1641 685 1668 LEc'mo.
1804 1675 1811 1684 ,

452 1712 652 1747 520-540.
675 1711 866 1745 541—559
886 1705 1044 1753 (duabus
1067 1705 1174 1742 lineis
1193 1703 1344 1757 relictis)
1366 1707 1403 1741 F
1413 1706 1482 1752 fol.
1505 1707 1573 1742 XL
1586 1706 1708 1743 VIIII
1787 1711 1855 1745 520

371 1785 479 1820 TVNC
499 1786 555 1832 Py
579 1766 675 1832 'l'uffc
695 1785 715 1820 b
749 1784 838 1819 TVM
857 1783 990 1818 FMRe
1058 1783 1198 1818 choreis
1220 1784 1277 1818 vel
1296 1783 1419 1818 thiasis
1441 1789 1480 1818 ut
1502 1783 1613 1818 Statii
1638 1785 1716 1819 silv.
1749 1784 1791 1819 111
1824 1790 1853 1828 l,

369 1846 406 1878 41
423 1838 813 1885 Io.Schraderus:ef.
834 1843 901 1878 644
922 1838 1043 1873 CVRIS
1063 1839 1167 1883 libri,
1191 1837 1360 1878 Servius,
1382 1840 1509 1874 varias
1528 1840 1595 1873 sed
1613 1849 1678 1874 eas
1695 1849 1852 1884 perver-

374 1906 438 1931 sas
459 1900 622 1931 veterum
650 1897 899 1940 interpretum
921 1895 1111 1939 opiniones
1125 1892 1342 1939 proferens.
1444 1897 1511 1932 523
1532 1893 1686 1928 CONIVX
1705 1893 1781 1929 MR

369 1988 436 2022 524
455 1983 630 2018 AMOVET
656 1982 758 2019 F2M
793 1981 966 2017 EMOVET
988 1982 1038 2018 Fl
1047 1981 1162 2029 Rycm
1202 1944 1414 2017 EssMomT
1435 1981 1468 2016 P
1550 1986 1688 2017 emovet
1709 1994 1716 2016 :
1739 1986 1779 2017 ut
1798 1981 1853 2017 Io.

370 2060 608 2096 Schrader-us
637 2074 649 2094 :
670 2070 735 2105 eqo
754 2059 1002 2105 parenthesin
1031 2060 1156 2094 statui.
1246 2058 1410 2094 CAPlTIS
1430 2058 1475 2093 M
1553 2059 1658 2094 ensen
1679 2071 1703 2106 γ
1787 2063 1854 2096 525

370 2115 550 2151 TECTAM
571 2115 606 2150 P
631 2119 732 2162 septa
756 2115 805 2150 lo.
827 2114 1066 2149 Schraderus
1140 2116 1204 2151 527
1230 2115 1266 2149 in
1283 2125 1352 2160 my.
1373 2125 1420 2149 m.
1442 2118 1463 2150 2
1484 2114 1569 2149 add.
1592 2114 1612 2149 b
1626 2141 1635 2157 ‚
1657 2115 1742 2160 leyit
1766 2113 1853 2149 Ser-

368 2173 450 2206 vius
523 2167 687 2206 FAMA*
707 2169 782 2216 (lin.
802 2179 970 2215 superna
991 2166 1139 2214 tri-rec.)
1153 2169 1189 2203 F
1261 2173 1328 2207 528
1351 2168 1582 2204 Tl-IALAMOS
1603 2169 1632 2203 R
1645 2173 1707 2203 :ul
1726 2168 1768 2203 IV
1788 2172 1853 2206 645

369 2225 411 2260 Xl
431 2229 499 2264 879
580 2224 760 2260 ADDITVS
781 2224 919 2271 PRyib
954 2223 1137 2259 ADDITVR
1159 2223 1280 2270 FM72
1314 2221 1451 2259 addisc
1529 2227 1595 2262 529
1619 2224 1790 2258 Hortatur
1808 2227 1850 2271 γι

442 2279 694 2317 AEOLIDESR
715 2294 727 2314 .·
750 2276 812 2327 (ef.
836 2279 946 2314 Hom.
962 2279 1027 2314 Od.
1049 2279 1080 2312 θ
1098 2282 1163 2316 517
1184 2279 1339 2324 s'q.Aen.
1359 2279 1387 2313 ΙΙ
1410 2275 1486 2326 164)
1518 2277 1692 2314 OELIDES
1711 2277 1855 2326 MPybc

371 2336 528 2371 ‘Oelides
551 2346 623 2380 pro
643 2334 801 2369 Eolides’
833 2333 1008 2369 Claudius
1027 2333 1212 2369 Sacerdos
1232 2337 1294 2377 86,
1318 2335 1488 2379 idemque
1507 2335 1645 2368 sentire
1658 2335 1855 2378 putandus

369 2396 423 2426 est
449 2395 520 2427 102.
542 2389 749 2426 EOLIADES
767 2389 803 2424 F
820 2388 1023 2424 ‘Aeolides’
1046 2387 1112 2435 (sic
1132 2389 1265 2434 Reyin.
1288 2388 1427 2424 Eolides
1453 2387 1554 2423 Cass.
1582 2387 1720 2424 Oelides
1735 2385 1853 2437 Par.),

372 2453 380 2463 ‘
397 2446 544 2488 Ulixes,
575 2446 664 2490 quia
689 2445 823 2490 ubique
848 2445 934 2479 tatis
958 2445 1160 2479 inducitur.
1271 2445 1336 2478 alii
1354 2442 1489 2478 ilidem'
1511 2440 1575 2491 (sie
1592 2443 1725 2489 Reyin.
1746 2443 1854 2479 iidem

370 2501 463 2536 Par.
485 2500 637 2535 uelidem
664 2498 765 2535 Cass.
787 2499 923 2546 yliden,
959 2498 1105 2546 ylidem,
1136 2498 1283 2545 ilydem,
1310 2498 1472 2545 hyliden‚
1501 2497 1651 2534 oelidem
1679 2498 1745 2533 alii
1770 2498 1852 2533 Lio-

369 2553 486 2604 niani)
509 2557 517 2572 ‘
530 2556 677 2601 Ζερῑιητ,
699 2555 744 2590 de
765 2566 837 2600 quo
858 2552 1042 2600 nusquam
1063 2553 1234 2600 leyimus'
1255 2553 1418 2589 Servius.
1469 2553 1558 2588 Vide
1579 2565 1627 2588 an
1654 2554 1727 2588 huc
1748 2563 1853 2598 spec-

370 2615 419 2646 tet
438 2610 631 2645 Prisciani
647 2621 688 2655 p.
715 2614 782 2648 584
802 2609 844 2644 P.
867 2609 934 2655 (67,
959 2614 980 2647 9
999 2607 1064 2654 H.)
1085 2608 1266 2648 Aeolides,
1288 2613 1328 2643 ut
1349 2610 1386 2643 in
1407 2609 1523 2643 litura
1543 2608 1689 2643 exhibet
1704 2608 1851 2650 Bamb.,

369 2677 453 2701 eum
481 2666 576 2700 idem
596 2676 644 2701 m.
669 2669 686 2701 1
717 2668 752 2699 et
770 2665 861 2699 Par.
884 2664 937 2706 R,
970 2663 1082 2699 Halo.
1116 2663 1229 2710 Sany.
1258 2664 1375 2709 Luyd.
1396 2663 1564 2699 Karolir.
1585 2663 1747 2698 habeant
1767 2662 1853 2698 oeli-

369 2720 443 2760 des,
473 2720 601 2755 Bern.
624 2724 746 2755 autem
767 2724 802 2754 et
819 2719 1078 2764 Hrabanusp.
1102 2724 1146 2757 33
1169 2719 1334 2754 aeolides.
1377 2718 1473 2753 Nam
1489 2718 1790 2764 fluctuabantu'r,
1814 2719 1855 2753 m·

366 2775 414 2820 f.,
441 2775 598 2820 antiqua
619 2775 853 2820 exemplaria
873 2775 971 2809 inter
991 2774 1173 2813 Aeolides,
1196 2773 1374 2817 Oeliades,
1396 2772 1534 2808 Oelides
1554 2773 1777 2817 scripturas.

370 2851 471 2887 talia.
496 2850 542 2898 (ia
562 2861 582 2886 e
602 2848 714 2900 corr.)
736 2862 759 2898 γ
837 2851 948 2897 graiis
964 2855 1008 2898 yl
1088 2856 1155 2890 530
1175 2835 1482 2886 lNSTAVRATAE
1508 2849 1545 2883 F
1609 2848 1704 2884 Plos
1728 2849 1763 2884 R
