1890 3146
325 199 405 239 232
867 212 1036 238 vmtfflm
1060 211 1205 238 Ani-trus
1229 213 1296 239 1111

435 309 744 348 Laomedonteae
775 308 893 346 sentis
922 309 1093 358 periuria
1121 309 1269 358 gentis?

437 381 528 430 quid
560 380 666 418 tum?
696 379 776 418 sola
807 379 896 429 fuga
931 383 1066 419 nautas
1098 381 1309 423 comitabor
1337 383 1505 421 ovantis?

438 464 485 490 an
517 451 640 501 Tyriis
671 452 850 501 omnique
879 463 996 490 manu
1027 453 1162 503 stipata
1188 465 1363 492 meorum

435 524 577 561 inserar
609 526 646 560 et
671 534 767 573 quos
795 523 949 562 Sidonia
978 524 1037 561 vix
1069 524 1165 562 urbe
1191 524 1341 570 revelli,
1733 528 1812 566 545

434 605 570 632 rursus
600 606 710 644 agam
738 593 875 645 pelago
905 599 941 633 et
968 595 1089 634 ventis
1118 596 1210 634 dare
1237 596 1319 635 vela
1348 597 1514 636 iubebo?

436 667 527 716 quin
559 678 734 711 morere,
765 670 807 705 ut
833 667 967 705 merita
997 679 1056 712 es,
1086 667 1267 718 ferroque
1299 673 1426 707 averte
1459 668 1645 708 dolorem.
1734 670 1814 708 547

436 750 512 776 uon
541 738 646 776 licuit
675 737 831 776 thalami
860 743 1057 788 expertem
1086 740 1167 778 sine
1198 739 1356 778 crimine
1382 741 1494 778 vitam
1735 742 1814 780 550

436 810 598 860 degere,
630 822 739 848 more
767 810 889 854 serae,
919 810 1004 849 talis
1035 823 1105 849 nec
1135 815 1294 861 tangere
1325 823 1455 856 curas;

437 894 512 920 non
544 886 691 920 servata
722 881 816 920 sides
847 882 966 920 cineri
994 883 1182 932 promissa
1207 882 1403 934 Sychaeo!

439 958 564 991 tantos
593 953 653 992 illa
683 965 752 992 suo
783 953 986 1003 rumpebat
1014 958 1171 1005 pectore
1201 959 1369 1005 questus

494 1042 641 1080 Aeneas
672 1041 772 1080 celsa
803 1042 841 1079 in
871 1043 1009 1092 puppi,
1038 1043 1110 1080 iam
1141 1046 1270 1081 certus
1298 1043 1432 1087 eundi,

440 1114 622 1163 carpebat
647 1120 802 1152 somnos
831 1113 948 1152 rebus
978 1115 1052 1154 iam
1083 1115 1153 1153 rite
1181 1115 1333 1164 paratis.
1737 1115 1815 1153 555

437 1185 526 1223 huic
552 1197 592 1224 se
619 1185 741 1223 forma
772 1185 832 1224 dei
861 1185 963 1224 voltu
992 1186 1188 1224 redeuntis
1221 1186 1354 1225 eodem

439 1256 575 1306 optulit
603 1258 641 1295 in
671 1257 815 1295 somnis
839 1269 1052 1308 rursusque
1081 1259 1127 1296 ita
1156 1259 1233 1296 visa
1263 1262 1476 1301 monerest,

439 1330 565 1366 omnia
593 1329 784 1367 Mercurio
816 1328 968 1374 similis,
1000 1342 1208 1380 vocemque
1240 1329 1485 1380 coloremque

329 1495 594 1523 TESTIMONIA.

416 1538 482 1570 545
505 1539 614 1571 Probi
639 1539 722 1571 inst.
748 1540 765 1571 1
790 1539 820 1579 7,
846 1540 867 1570 2
893 1539 999 1581 ‘quos
1025 1563 1032 1571 .
1052 1563 1059 1570 .
1079 1563 1086 1570 .
1114 1537 1258 1570 revelli’
1286 1538 1430 1571 Servius
1447 1539 1535 1570 Aen.
1560 1540 1578 1571 I
1602 1538 1663 1571 361
1756 1539 1820 1570 547

328 1582 505 1614 Maximus
532 1583 622 1614 vict.
648 1583 691 1614 de
710 1593 818 1615 carm.
837 1583 912 1615 her.
930 1584 950 1614 5
1043 1584 1156 1614 ‘ferro
1182 1607 1190 1614 .
1211 1606 1219 1614 .
1238 1606 1246 1613 .
1274 1582 1445 1614 dolorem'
1475 1582 1587 1614 schol.
1606 1584 1691 1614 Hor.
1712 1594 1819 1615 carm.

329 1627 384 1659 III
407 1627 461 1666 27,
489 1626 530 1658 37
621 1627 686 1658 550
703 1638 754 1668 sq.
782 1629 872 1659 ‘non
898 1651 905 1659 .
927 1651 934 1658 .
954 1650 962 1658 .
988 1625 1108 1659 ferae'
1135 1626 1381 1667 Quintilianus
1404 1627 1456 1658 IX
1479 1627 1510 1665 2,
1537 1626 1580 1658 64
1605 1627 1715 1659 schol.
1734 1628 1819 1659 Hor.

331 1681 440 1702 carm.
466 1671 482 1702 1
506 1670 560 1710 31,
590 1670 630 1702 18
745 1672 946 1713 ‘expertem
971 1696 979 1704 .
998 1695 1005 1703 .
1025 1695 1032 1703 .
1059 1670 1178 1702 ferae'
1205 1671 1349 1702 Servius
1374 1671 1462 1702 Aen.
1487 1671 1538 1702 IV
1561 1670 1626 1702 458
1724 1671 1820 1703 ‘sine

331 1739 340 1746 .
364 1738 372 1746 .
391 1739 399 1747 .
425 1714 573 1756 degere'
599 1715 796 1747 Arusianus
820 1726 852 1757 p.
877 1715 943 1746 225
966 1716 1007 1746 L.
1100 1715 1165 1746 552
1190 1715 1335 1747 Servius
1360 1714 1448 1746 Aen.
1473 1715 1523 1746 IV
1546 1714 1599 1746 34.
1625 1714 1678 1746 50.
1705 1714 1771 1746 458

328 1758 394 1791 553
417 1759 553 1790 Nonius
580 1758 654 1799 196,
679 1759 700 1789 4
790 1759 855 1791 555
880 1759 988 1790 Probi
1012 1760 1093 1791 inst.
1119 1760 1136 1790 1
1159 1758 1190 1797 9,
1220 1758 1260 1789 10
1348 1758 1414 1790 556
1440 1758 1572 1790 ‘forma
1597 1757 1650 1790 d.'
1677 1759 1821 1791 Servius

328 1803 417 1834 Aen.
444 1803 494 1834 IV
517 1802 580 1834 571
672 1802 737 1834 558
761 1813 811 1844 sq.
837 1803 993 1835 Isidorus
1018 1804 1106 1845 orig.
1131 1804 1168 1834 II
1192 1802 1246 1841 21,
1271 1801 1315 1833 40
1339 1803 1465 1834 anecd.
1485 1803 1601 1833 Paris.
1619 1802 1746 1834 Eckst.
1769 1801 1821 1842 19,

333 1847 373 1879 13
466 1847 603 1878 ‘omnia
627 1872 634 1879 .
656 1872 663 1879 .
684 1871 691 1879 .
717 1847 847 1879 flavos'
882 1847 1028 1879 Servius
1058 1847 1145 1878 Aen.
1173 1848 1189 1878 I
1213 1845 1276 1878 332
1390 1846 1455 1878 558
1478 1847 1641 1878 Donatus
1667 1846 1819 1877 ad'Ter.

335 1890 478 1933 adelph.
503 1892 540 1922 11
565 1891 604 1930 3,
632 1891 672 1923 10
702 1892 839 1923 Marius
864 1891 1001 1923 Plotius
1026 1902 1059 1932 p.
1084 1890 1149 1922 249
1175 1891 1216 1923 G.
1251 1891 1388 1922 ‘omnia
1411 1891 1459 1922 M.
1486 1889 1532 1921 s.’
1569 1890 1755 1922 Charisius
1779 1890 1822 1921 84

329 1935 525 1967 Diomedes
550 1934 616 1966 459
639 1936 679 1967 P.
786 1935 933 1967 ‘similis
958 1933 1155 1967 Mercurio'
1191 1934 1371 1976 appendix
1396 1935 1441 1966 ad
1464 1934 1573 1966 Probi
1599 1939 1713 1966 artem
1737 1935 1820 1966 min.

330 1979 369 2011 31
395 1991 428 2021 p.
454 1980 519 2010 442
544 1979 649 2011 Endl.

331 2137 458 2164 VARIA
478 2137 644 2163 naono.

409 2186 476 2220 542
499 2182 785 2217 Laumedonteae
802 2183 845 2219 hl
923 2185 990 2220 543
1009 2180 1110 2223 Qvl'r
1134 2180 1212 2216 MP
1229 2180 1311 2227 quid
1328 2180 1421 2228 yabc
1497 2180 1646 2215 ouantes
1658 2191 1678 2216 c
1754 2184 1822 2218 544

330 2270 479 2306 MANVS
503 2271 539 2306 P
628 2275 694 2308 545
716 2231 898 2305 INFERffi*
923 2269 969 2304 M
999 2270 1204 2315 ‘insequar;
1233 2270 1299 2304 alii
1317 2268 1464 2303 inserar’
1485 2267 1638 2303 Servius
1718 2230 1821 2311 QVOD

331 2327 368 2362 P
384 2326 476 2374 quod
499 2331 541 2374 γι
591 2376 608 2401 h
639 2329 706 2363 546
726 2324 820 2361 uella
839 2331 879 2363 cl
979 2328 1043 2362 547
1067 2325 1105 2359 er
1123 2334 1206 2369 sup.
1224 2324 1244 2358 b
1341 2327 1407 2361 548
1426 2334 1479 2369 sq.
1506 2327 1686 2368 post-418
1706 2324 1818 2359 collo-
1875 2353 1877 2355 ,

331 2405 416 2440 cavi
497 2409 564 2441 550
581 2403 700 2439 talami
723 2414 745 2437 α
819 2407 880 2440 551
911 2402 1023 2437 ‘serae
1118 2403 1224 2437 multi
1242 2401 1317 2437 sere
1337 2401 1552 2436 adverbium
1574 2400 1714 2436 volunc’
1735 2400 1822 2436 Ser-

334 2461 423 2496 vius.
465 2459 560 2494 ferae
591 2459 753 2494 vindicat
775 2457 1027 2501 Quintilianus
1101 2461 1167 2495 552
1188 2457 1226 2492 in
1262 2467 1340 2491 ras.
1366 2467 1411 2490 m.
1435 2466 1510 2491 rec.
1533 2456 1553 2491 b
1641 2455 1756 2491 sicheo
1778 2466 1822 2491 ac

864 2508 886 2533 0

333 2548 487 2584 suchaeo
507 2548 681 2583 Pieriani
698 2545 949 2582 SYCHAElES
969 2547 1004 2581 P
1030 2544 1210 2581 SYCHAEI
1229 2545 1271 2580 M
1302 2544 1468 2580 ‘Sichaeo
1489 2555 1562 2590 pro
1587 2543 1746 2579 Sichaeio
1767 2544 1824 2579 vel

332 2603 510 2652 promissa
530 2602 678 2638 Sichaeo
701 2613 772 2638 non
793 2607 928 2637 servata
958 2601 1086 2637 cineri’
1108 2600 1263 2636 Servius
1319 2604 1387 2638 553
1408 2600 1492 2635 suos
1516 2611 1539 2634 a
1617 2601 1819 2637 555—575.

333 2662 526 2697 576—583
554 2658 590 2693 F
611 2657 682 2703 fol.
712 2658 831 2693 XXX
842 2656 941 2694 VIII
1033 2662 1099 2694 555
1129 2655 1316 2691 IAMRETE
1348 2654 1391 2701 (M
1421 2656 1458 2690 in
1492 2653 1585 2701 ras.)
1605 2655 1643 2689 F
1666 2653 1734 2688 iam
1753 2653 1821 2688 rite

336 2714 476 2761 (ami-ite
492 2715 528 2748 in
549 2712 642 2759 ras.)
661 2714 680 2748 b
739 2716 803 2751 557
816 2712 993 2747 0PTVL1T
1010 2712 1043 2746 P
1066 2711 1247 2747 OBTVLlT
1263 2709 1411 2758 FMyab
1473 2708 1637 2746 RVRSVS
1648 2707 1688 2754 (R
1705 2709 1767 2743 alt.
1782 2709 1821 2743 in

334 2770 426 2817 ras.)
449 2770 486 2804 F
503 2783 514 2803 :
535 2768 660 2814 fuitne
681 2768 827 2803 russus?
904 2767 976 2802 ITA
996 2778 1043 2801 m.
1064 2771 1085 2804 2
1103 2777 1185 2812 sup.
1209 2767 1247 2801 F
1319 2765 1431 2808 iussa,
1461 2766 1483 2800 i.
1505 2774 1538 2800 e.
1559 2764 1655 2800 uissa
1676 2763 1818 2799 Franc.

409 2824 586 2859 monerest
609 2835 632 2871 γ
653 2822 907 2859 MONEREEST
929 2822 1073 2858 FMabc
1148 2825 1215 2860 558
1229 2821 1356 2856 oMNlA
1377 2820 1412 2855 P
