1890 3146
631 178 805 210 vnaelm
824 177 975 207 Aemus
996 178 1065 207 1111
1529 162 1611 206 215

207 282 314 333 orgia
343 284 638 332 nocturnusque
669 283 782 318 vocat
807 278 979 318 clamore
1005 276 1227 318 Cithaeron.

207 354 363 394 tandem
393 354 453 393 his
481 354 639 393 Aenean
667 351 875 404 compellat
899 350 1060 391 vocibus
1090 351 1213 390 ultro:

264 442 535 484 ‘Dissimulare
565 443 680 483 etiam
707 443 894 494 sperasti,
926 441 1095 493 perfide,
1127 446 1278 482 tantum
1531 439 1619 482 305

208 529 322 570 posse
348 517 456 557 nefas
484 516 702 568 tacitusque
731 528 817 555 mea
845 515 1201 555 decedere-terra?

208 596 338 631 necte
362 594 496 647 noster
525 580 636 629 amor
666 601 740 629 nec
762 594 801 629 te
830 589 919 628 data
949 588 1110 628 dextera
1138 588 1338 640 quondam

208 677 282 704 nec
310 664 500 704 moritura
525 666 633 703 tenet
662 661 811 702 crudeli
841 662 980 702 funere
1010 661 1133 701 Dido?

209 738 302 789 quin
331 738 446 777 etiam
475 736 640 776 hiberno
665 735 814 775 moliris
837 735 966 775 sidere
993 734 1178 780 classem,

209 816 247 850 et
280 811 418 851 mediis
446 821 638 861 properas
667 809 914 861 aquilonibus
941 807 1000 848 ire
1029 820 1102 860 per
1131 807 1275 854 altum,
1530 808 1613 848 310

208 883 399 924 crudelis?
457 883 550 934 quid
578 883 610 922 si
641 894 721 921 non
750 893 840 922 arva
870 881 994 921 aliena
1023 881 1239 934 domosque

206 958 357 1008 ignotas
383 960 560 1008 petereS,
584 938 650 995 'set
680 955 797 995 Troia
824 955 982 1007 antiqua
1011 959 1207 1001 maneret,

207 1029 324 1069 Troia
354 1041 426 1080 per
453 1029 650 1068 undosum
680 1033 887 1080 peteretur
922 1027 1110 1068 classibus
1140 1028 1315 1079 aequor?

207 1114 321 1142 mene
351 1102 475 1153 fugis?
510 1114 583 1153 per
613 1113 685 1154 ego
715 1102 786 1141 has
814 1101 995 1141 lacrimas
1024 1102 1281 1153 dextramque
1303 1092 1418 1141 ⁴tuam
1449 1106 1488 1141 te

207 1175 376 1228 (quando
404 1175 508 1215 aliud
538 1175 634 1214 mihi
663 1176 740 1214 iam
769 1175 936 1215 miserae
964 1174 1060 1214 nihil
1085 1176 1169 1226 ipsa
1196 1174 1372 1227 reliqui),
1528 1173 1610 1214 315

209 1261 281 1302 per
312 1248 477 1288 conubia
500 1253 655 1294 nostra,
687 1260 758 1300 per
786 1249 964 1299 inceptos
993 1248 1254 1300 hymenaeos,

209 1322 240 1360 si
267 1322 369 1361 hene
399 1322 491 1373 quid
521 1322 568 1361 de
599 1326 636 1362 te
662 1323 788 1361 merui
815 1322 886 1361 fuit
913 1325 980 1360 aut
1007 1321 1076 1360 tihi
1106 1322 1316 1374 quicquam

210 1393 322 1434 dulce
351 1407 503 1440 meum,
534 1396 724 1435 miserere
750 1395 890 1434 domus
919 1394 1085 1433 labentis
1115 1398 1153 1433 et
1181 1395 1314 1440 istam,

210 1479 300 1513 oro,
332 1468 452 1519 siquis
481 1468 609 1508 adhuc
639 1467 822 1520 precibus
851 1467 979 1512 locus,
1013 1480 1111 1508 exue
1142 1472 1326 1507 mentem.

97 1638 366 1667 TESTIMONIA.

187 1681 253 1715 305
284 1681 534 1714 ‘dissimulare
561 1706 569 1713 .
590 1705 598 1714 .
618 1706 626 1714 .
653 1681 809 1724 perfide'
843 1681 990 1715 Servius
1020 1682 1112 1714 Aen.
1139 1682 1190 1714 IV
1213 1681 1280 1715 366
1377 1680 1444 1714 309
1468 1682 1616 1714 Servius

95 1727 186 1760 Aen.
211 1727 230 1759 I
252 1726 320 1760 279
433 1726 501 1759 310
523 1727 663 1759 Nonius
687 1726 765 1768 441,
791 1726 835 1760 30
859 1727 971 1761 schol.
990 1727 1077 1759 Hor.
1103 1738 1213 1768 carm.
1239 1728 1296 1759 111
1320 1726 1375 1767 30,
1406 1726 1447 1759 10
1538 1727 1615 1759 314.

96 1771 163 1805 316
196 1771 279 1814 ‘per
310 1796 317 1804 .
336 1795 345 1803 .
365 1795 374 1803 .
406 1775 461 1812 te,
495 1782 562 1814 per
593 1772 751 1804 conubia
784 1796 792 1804 .
811 1797 819 1804 .
839 1795 848 1804 .
882 1771 1126 1813 hymenaeos’
1154 1772 1344 1804 Charisius
1369 1771 1436 1805 208
1551 1771 1617 1805 314

97 1817 219 1849 ‘mene
244 1815 290 1850 f.’
316 1817 483 1849 Donatus
507 1817 554 1849 ad
577 1817 660 1849 Ter.
687 1827 767 1849 eun.
793 1818 811 1849 I
835 1817 867 1857 2,
892 1816 938 1849 99
961 1818 1172 1850 Marcianus
1197 1817 1353 1860 Capella
1377 1818 1434 1850 III
1458 1815 1526 1850 493

98 1863 182 1906 ‘per
207 1885 215 1893 .
231 1885 240 1894 .
260 1887 268 1894 .
294 1860 350 1894 te'
375 1862 489 1894 Iulius
506 1862 722 1894 Rufinianus
739 1861 806 1894 209
896 1862 962 1895 315
986 1863 1168 1894 Maximus
1183 1862 1282 1895 vict.
1301 1862 1345 1895 de
1365 1873 1477 1895 carm.
1501 1862 1577 1894 her.
1596 1861 1618 1894 6

186 1905 253 1939 316
286 1906 370 1949 ‘per
400 1917 430 1939 c.
463 1906 518 1939 n.'
546 1907 692 1939 Servius
715 1907 804 1939 Aen.
829 1908 847 1939 I
871 1906 915 1940 73
1029 1907 1094 1940 317
1121 1908 1171 1939 ‘si
1196 1932 1204 1939 .
1225 1933 1233 1941 .
1252 1932 1260 1940 .
1286 1907 1421 1940 merui’
1447 1908 1617 1940 Donatus

99 1952 145 1984 ad
169 1952 251 1983 Ter.
277 1951 388 1983 Andr.
413 1952 430 1983 1
454 1951 486 1993 5,
513 1952 556 1984 57
596 1953 736 1984 Nonius
760 1951 838 1992 344,
865 1951 910 1983 20
947 1951 1122 1984 Claudius
1148 1952 1327 1984 Sacerdos
1351 1954 1370 1984 Ι
1395 1953 1438 1984 74
1468 1952 1618 1985 Servius

98 1997 189 2029 Aen.
205 1997 258 2028 IX
273 1994 359 2028 256·
409 1995 472 2028 317
491 2007 543 2038 sq.
571 1996 620 2028 ‘si
643 2018 691 2030 ...
717 1995 853 2029 meum‘
879 1997 1022 2029 Seneca
1045 1997 1089 2029 de
1112 1998 1235 2029 benef.
1254 1998 1322 2029 VII
1338 1997 1382 2029 25
1405 1997 1618 2030 Priscianus

98 2040 164 2073 799
180 2041 221 2072 P.
294 2040 384 2072 ‘fuit
400 2065 408 2072 .
431 2065 439 2072 .
457 2065 465 2073 .
484 2041 620 2073 meum'
639 2042 807 2074 Donatus
826 2041 872 2073 ad
889 2042 972 2074 Ter.
991 2042 1100 2074 Andr.
1119 2043 1138 2074 I
1154 2042 1186 2082 5,
1215 2042 1258 2074 59
1327 2041 1394 2075 319
1420 2042 1476 2074 ‘et
1501 2043 1615 2084 siquis

168 2084 342 2118 mentem’
368 2086 506 2118 Nonius
524 2085 600 2127 300,
626 2086 649 2119 9
721 2087 853 2129 ‘siquis
878 2087 1050 2129 precibus
1074 2086 1119 2120 l.'
1146 2087 1261 2120 schol.
1286 2087 1431 2120 Lucani
1455 2088 1525 2120 VII
1550 2086 1616 2120 377

97 2246 226 2274 VARIA
244 2245 410 2272 LEOTIO.

180 2329 250 2364 303
265 2303 467 2362 nocturnhs
484 2337 508 2373 y
599 2324 817 2362 CITHERON
838 2327 875 2361 F
909 2288 1140 2363 cilYTllERON
1173 2326 1199 2373 (l
1230 2327 1344 2363 minio
1375 2338 1478 2364 corr.
1509 2328 1549 2363 in
1577 2327 1617 2368 Y,

99 2383 186 2417 item
207 2381 238 2416 11
258 2382 371 2418 minio
385 2381 446 2429 p.)
466 2380 511 2416 M
527 2382 702 2430 cytheron
723 2394 747 2430 y
771 2386 922 2430 cyteron
943 2394 966 2417 α
1043 2387 1112 2422 304
1132 2394 1277 2419 aeneam
1301 2394 1322 2419 c
1399 2383 1582 2431 conpellat
1597 2384 1618 2420 b

101 2434 292 2485 compen&
305 2448 327 2473 c
350 2437 524 2486 conpellit
543 2450 568 2473 α
644 2443 714 2477 308
732 2440 769 2474 in
790 2450 861 2486 my.
879 2440 966 2475 add.
983 2450 1004 2475 c
1082 2445 1151 2479 309
1179 2440 1330 2476 MOLlRl
1350 2440 1446 2476 FPa
1477 2440 1617 2476 moliris

103 2526 258 2562 Servius
344 2531 414 2565 310
433 2528 608 2575 properes
623 2528 664 2564 bl
753 2532 821 2566 312
843 2490 1030 2564 ΡΕΊῈΒΕ8
1066 2528 1113 2564 M
1194 2529 1277 2565 SED
1297 2529 1387 2576 (Dm
1408 2533 1430 2566 2
1454 2541 1557 2566 corr.
1579 2531 1618 2565 in

103 2582 143 2629 T)
161 2583 197 2618 P
212 2582 268 2618 ΕΤ
288 2581 462 2631 Μγαόεψ
484 2583 515 2619 si
535 2595 592 2627 m,
616 2583 723 2619 Goth.
743 2588 829 2620 tert.
905 2589 975 2623 314
989 2585 1364 2622 HASTELACRIMAS
1381 2586 1418 2621 P
1432 2586 1499 2622 har
1517 2585 1621 2622 lacri-

102 2639 213 2675 mas..
235 2650 259 2674 a
340 2636 402 2674 tufi
423 2644 457 2675 te
480 2651 527 2675 m.
550 2644 572 2677 2
593 2641 682 2676 add.
706 2649 726 2674 c
802 2644 868 2679 315
884 2641 1015 2676 ALlVT
1034 2641 1114 2676 MP
1189 2642 1316 2678 misere
1335 2654 1360 2691 y
1438 2646 1506 2682 316
1527 2654 1618 2690 quo-

102 2695 210 2772 nuheia
229 2696 292 2771 mir
354 2696 506 2743 coeptos
516 2701 556 2734 cl
634 2695 831 2743 hymnaeol'
846 2708 869 2744 y
949 2699 1015 2736 317
1038 2697 1129 2734 bene
1145 2709 1215 2734 om.
1237 2698 1384 2735 Nonius
1460 2703 1530 2738 318
1553 2700 1618 2735 mi-

102 2786 177 2822 sere
197 2797 221 2834 y
243 2795 382 2821 merere
402 2797 424 2820 α
518 2765 644 2836 (Ιοιῃῖῥΐ
659 2767 776 2832 ((Ιοιῃξ
797 2779 843 2821 m'.
865 2790 886 2824 2
904 2787 944 2822 in
967 2785 1060 2837 ras.)
1076 2799 1100 2836 γ
1194 2793 1263 2828 319
1282 2788 1428 2825 ATHVC
1442 2788 1545 2827 MlP

100 2841 306 2877 PRAECIB-
333 2841 378 2877 M
428 2843 437 2850 ⁵
454 2846 490 2878 et
511 2842 625 2890 siquis
645 2841 813 2890 precibus
834 2842 981 2879 Nonius
