1890 3146
332 193 409 232 196
861 203 1031 229 VERGILI
1051 202 1196 228 Amums
1218 202 1284 227 1111

438 301 609 339 Barcaei.
670 299 761 349 quid
788 298 888 336 bella
911 298 1012 348 Tyro
1041 299 1237 348 surgentia
1267 298 1391 336 dicam

440 371 689 421 germanique
700 370 837 425 ‘minas
850 370 863 406 ’ξ
1270 365 1274 370 ⁴

439 442 495 480 dis
524 441 700 491 equidem
727 440 946 490 auspicibus
971 442 1067 478 reor⁴
1090 444 1127 479 et
1155 441 1301 492 Iunone
1330 440 1497 479 secunda
1761 442 1812 479 45

439 513 543 551 hunc
574 523 730 549 cursum
755 511 888 550 Iliacas
916 516 1028 550 vento
1052 513 1220 550 tenuisse
1251 513 1411 551 carinas.

439 595 553 634 quam
582 587 623 621 tu
648 582 805 626 urbem,
832 594 963 628 soror,
993 583 1093 622 hanc
1123 595 1278 629 cernes,
1306 595 1403 634 quae
1434 595 1593 633 surgere
1622 594 1739 632 regna

444 655 620 702 coniugio
650 653 732 692 tali!
771 654 964 692 Teucrum
995 655 1263 694 comitantibus
1292 655 1413 693 armis·

440 726 581 764 Punica
608 738 648 764 se
678 727 830 776 quantis
860 725 1005 764 attollet
1032 726 1152 777 gloria
1178 726 1313 764 rebus!

440 801 481 835 tu
510 796 626 834 modo
656 809 771 847 posce
797 797 890 836 deos
919 798 1067 836 veniam
1091 795 1286 848 sacrisque
1316 797 1430 836 litatis
1763 798 1813 835 50

439 867 594 918 indulge
623 868 787 918 hospitio
817 865 1026 919 cau‘sasque
1050 870 1201 908 innecte
1230 869 1422 913 morandi,

439 940 529 978 dum
561 939 695 990 pelago
725 941 891 978 desaevit
918 940 1067 990 hiemps
1099 945 1136 979 et
1166 953 1333 992 aquosus
1363 940 1504 984 Orion,

440 1017 715 1062 quassataeque
742 1017 844 1050 rates
875 1011 984 1063 [dum
1013 1024 1091 1050 non
1117 1012 1317 1050 tractabile
1342 1011 1542 1062 caelum.]'

491 1099 558 1137 His
588 1100 697 1138 dictis
725 1101 899 1150 impenso
929 1100 1099 1138 animum
1129 1100 1335 1139 flammavit
1364 1112 1515 1144 amore,

325 1245 592 1272 TESTIMONIA.

416 1286 461 1320 46
484 1288 628 1320 Servius
652 1286 741 1318 Aen.
766 1287 783 1318 I
806 1286 872 1320 534
954 1286 1103 1319 ‘Iliacas
1129 1311 1136 1318 .
1157 1311 1165 1319 .
1187 1310 1193 1319 .
1219 1286 1380 1319 oarinas'
1407 1287 1552 1318 Servius
1576 1286 1663 1318 Aen.
1689 1287 1721 1318 V
1747 1286 1761 1317 l

326 1332 369 1363 47
394 1331 602 1363 Aldhelmus
627 1331 664 1362 in
694 1331 734 1361 A.
760 1331 836 1362 Mai
862 1333 957 1362 auct.
985 1331 1092 1362 class.
1117 1332 1148 1362 V
1171 1331 1237 1363 530
1327 1330 1370 1363 50
1392 1331 1528 1362 Nonius
1552 1330 1628 1370 424,
1662 1329 1697 1361 19
1720 1330 1813 1361 Pris-

330 1376 455 1407 cianus
483 1374 566 1406 1009
658 1375 717 1405 ‘tu
747 1398 754 1406 .
773 1398 781 1406 .
801 1398 809 1405 .
834 1372 1003 1407 'veniam’
1031 1374 1225 1406 Cledonius
1253 1374 1334 1406 1921
1359 1376 1400 1406 Ρ.
1427 1375 1571 1406 Servius
1595 1375 1681 1405 Aen.
1710 1375 1727 1405 I
1750 1372 1815 1405 519

415 1419 456 1451 51
481 1419 617 1451 Nonius
641 1417 717 1458 326,
743 1418 763 1449 5
855 1418 1016 1460 ‘indulge
1041 1418 1097 1450 h.’
1123 1419 1232 1451 schol.
1258 1419 1400 1450 Lucani
1416 1419 1433 1450 I
1448 1418 1515 1450 664
1603 1418 1644 1449 52
1670 1418 1815 1450 Servius

327 1463 415 1495 Aen.
441 1464 473 1495 V
496 1462 562 1494 626
675 1462 774 1494 ‘dum
800 1485 808 1493 .
828 1485 835 1493 .
855 1486 862 1494 .
888 1461 1021 1494 hiems'
1049 1463 1158 1494 schol.
1186 1463 1271 1495 Hor.
1299 1463 1399 1505 epod.
1426 1463 1457 1501 2,
1483 1463 1526 1494 52
1642 1462 1815 1503 ‘aquosus

330 1506 390 1539 O.’
415 1507 525 1539 Probi
541 1508 624 1539 inst.
642 1507 660 1538 I
679 1505 730 1547 18,
749 1505 770 1538 9
793 1506 969 1538 Maximus
992 1507 1086 1539 Vict.
1114 1507 1155 1539 de
1181 1510 1247 1538 rat.
1273 1511 1377 1538 metr.
1395 1507 1425 1537 V
1445 1506 1460 1537 1
1486 1506 1678 1538 Diomedes
1694 1504 1758 1546 437
1775 1507 1816 1537 P.

328 1551 519 1594 Pompeius
543 1550 606 1582 451
632 1551 672 1582 L.
764 1550 807 1583 53
833 1551 1115 1592 ‘quassataeque
1141 1550 1187 1582 r.'
1212 1551 1348 1583 Nonius
1373 1551 1447 1590 254,
1477 1550 1517 1582 19

327 1684 453 1711 VARIA
470 1684 621 1711 LEGTIO
627 1701 636 1709 .

402 1734 558 1768 43—55.
590 1733 734 1767 56-61
767 1730 804 1764 F
817 1728 886 1775 fol.
911 1728 1028 1763 XXXII
1126 1734 1171 1767 43
1200 1723 1412 1764 BARCHAEI
1432 1730 1469 1764 F
1488 1702 1605 1783 Bari-gi
1628 1731 1647 1765 b
1674 1730 1816 1766 Vaccaei

328 1784 499 1820 Isidorus
524 1784 666 1840 Baccaei
686 1784 957 1830 Hieronymus,
990 1783 1143 1820 Servius
1234 1783 1304 1826 QVI
1325 1784 1359 1819 R
1388 1785 1471 1831 quid
1505 1782 1526 1833 (i
1547 1786 1585 1820 in
1609 1784 1700 1831 ras.)
1722 1786 1742 1820 b

330 1835 564 1907 SVRGENnA
581 1872 619 1907 F
688 1876 734 1910 44
755 1859 844 1919 q'uae
865 1884 888 1920 y
974 1877 1017 1909 45
1038 1872 1116 1907 ons
1139 1872 1194 1919 Py
1269 1875 1312 1909 46
1333 1872 1401 1908 huc
1424 1884 1446 1920 χ
1470 1887 1482 1907 .-
1510 1872 1576 1948 oflx
1582 1873 1594 1907 1
1617 1877 1684 1911 534
1766 1878 1818 1908 te-

318 1943 445 1996 ·nuil'se
467 1959 497 2006 (s
511 1963 609 2005 post.
631 1971 677 1994 m.
698 1958 732 2005 2)
752 1972 775 2007 γ
851 1964 893 1998 47
914 1959 1084 2006 quAMTV
1104 1960 1137 1994 P
1174 1959 1350 2002 Quantum
1375 1966 1431 2001 cl,
1513 1942 1594 2003 QVE
1615 1962 1649 1996 P
1727 1972 1816 2008 quae

330 2044 495 2096 surgere]
521 2058 740 2094 consurgere
758 2059 792 2082 m
871 2018 1086 2095 surgeiegna
1107 2049 1127 2083 b
1203 2052 1248 2086 48
1267 2038 1508 2084 covafflo'P
1580 2011 1819 2084 comitantibur

329 2114 350 2138 c
424 2107 468 2140 49
483 2102 638 2148 puNICA
657 2103 693 2137 P
768 2109 813 2141 50
834 2102 917 2146 ΝΡ
935 2103 1022 2138 Tum
1039 2115 1062 2150 y
1137 2102 1298 2138 VENIAM
1311 2099 1384 2151 (AM
1395 2105 1433 2138 in
1454 2103 1548 2150 ras.)
1563 2104 1600 2138 F
1668 2109 1676 2121 ‘
1690 2104 1816 2139 sacris-

331 2169 399 2205 que
419 2157 531 2193 litatis
619 2168 710 2193 nove
737 2159 854 2196 dioeit‚·
893 2155 978 2207 [sed
1004 2159 1304 2204 distinquendum
1325 2163 1398 2202 est,
1437 2163 1478 2194 ut
1504 2160 1672 2195 dicamus
1693 2159 1814 2203 sacris,

330 2215 354 2248 i.
381 2223 411 2248 e.
427 2223 503 2259 per
521 2223 655 2256 sacra,
676 2212 788 2248 litatis
802 2241 810 2256 ,
833 2215 910 2248 scil.
933 2209 1040 2261 diis]'
1071 2212 1224 2248 Servius
1296 2219 1337 2251 51
1362 2210 1539 2263 hospitio]
1562 2213 1816 2250 HOSPITIOET

330 2268 368 2303 F
440 2279 508 2315 que
527 2278 596 2303 om.
617 2268 652 2301 F
723 2272 767 2305 52
780 2269 953 2313 spurium
973 2268 1084 2303 habet
1099 2268 1373 2314 Peerlkampus
1447 2268 1560 2304 hiems
1576 2270 1596 2304 b
1674 2281 1692 2304 a
1707 2280 1817 2316 ‚quo-

630 2316 654 2342 N
1453 2318 1474 2343 E
1636 2338 1639 2340 .

332 2355 390 2390 rur
405 2366 428 2402 γ
506 2354 659 2390 Offloffl
687 2351 730 2403 (Ο
753 2359 852 2400 post.
887 2353 1002 2400 eras.)
1035 2354 1079 2389 M
1150 2360 1196 2394 53
1224 2354 1452 2398 QVASSATA
1491 2356 1528 2402 (S
1552 2368 1616 2402 pr.
1639 2367 1737 2392 eras.
1763 2357 1819 2392 vel

331 2411 370 2445 in
389 2420 467 2445 ras.
481 2437 489 2453 ,
520 2410 545 2445 E
566 2420 649 2455 sup.
671 2421 716 2444 m.
739 2410 772 2458 2)
795 2411 832 2444 F
912 2407 997 2459 que]
1021 2409 1143 2452 QVAE
1167 2411 1203 2445 F
1287 2411 1404 2446 rataes
1418 2423 1441 2459 γ
1512 2417 1765 2459 quassatasque
1786 2423 1815 2447 r.

333 2470 368 2499 et
384 2476 454 2500 non
466 2464 748 2510 Peerlkampus.
781 2464 876 2500 Mihi
896 2467 1099 2501 orationem
1119 2469 1208 2510 post
1232 2471 1327 2501 rates
1349 2466 1599 2512 inperfectam
1623 2467 1818 2512 reliquisse

332 2521 478 2554 videtur
496 2524 630 2564 poeta:
657 2520 899 2556 desideratur
927 2521 1024 2556 enim
1043 2520 1224 2556 reficiendi
1249 2522 1401 2566 aliquod
1419 2521 1579 2557 verbum.
1616 2521 1816 2567 Sequentia

327 2579 414 2620 post
434 2586 464 2609 v.
490 2579 534 2612 52
551 2574 654 2620 ferri
675 2576 822 2610 omnino
839 2586 913 2611 non
930 2581 1108 2622 possunt,
1137 2580 1177 2611 ut
1201 2577 1291 2622 ficta
1326 2577 1524 2611 videantur
1548 2586 1598 2611 ex
1626 2586 1684 2623 qe.
1706 2576 1815 2613 1211.

334 2628 503 2664 Ceterum
526 2631 701 2676 optimum
718 2635 802 2665 erat
822 2643 854 2666 v.
877 2636 918 2668 51
941 2631 1072 2667 Annae
1099 2632 1303 2667 orationem
1330 2631 1572 2675 concludere,
1610 2635 1646 2667 et
1665 2634 1818 2704 pooemivi

332 2717 580 2762 interpolator
603 2728 753 2762 pannos
781 2719 975 2753 desumere
1005 2729 1055 2753 ex
1078 2719 1170 2754 Aen.
1201 2719 1295 2757 1535
1315 2723 1352 2755 et
1370 2723 1448 2758 551.
1546 2717 1791 2774 541131PENSO

334 2802 371 2849 (P
388 2815 435 2840 m.
462 2815 536 2840 rec.
562 2816 662 2840 corr.
678 2807 715 2840 in
735 2806 777 2846 C,
801 2806 828 2842 Ο
849 2807 887 2841 in
909 2803 946 2854 U)
970 2807 1007 2841 F
1028 2769 1229 2842 l{GENSOM
1247 2803 1358 2854 (corr.
1380 2818 1425 2841 m.
1445 2811 1468 2843 2
1491 2806 1600 2841 elia-m
1619 2805 1646 2840 Ο
1667 2806 1705 2840 in
1724 2804 1763 2851 V)
1785 2805 1819 2840 P
